1824 3347
0 743 34 801 ἡ

862 336 958 385 -33

195 466 270 501 cus
299 460 363 497 est
393 456 527 498 autem
551 450 642 493 hic:
679 448 981 507 (Ἀλέξανδρος)
1008 448 1235 504 ἀφικνεῖται
1263 454 1304 503 ἒς
1332 451 1538 496 Πελλίναν
1567 452 1638 504 τῆς

202 523 437 573 Θετταλίας.
488 519 645 565 Ἔνθεν
683 518 730 563 δὲ
765 518 965 577 ὁρμηθεὶς
991 522 1087 577 ἕκτη
1115 518 1247 577 ἡμέρᾳ
1274 516 1460 576 ἒςβάλλει
1488 523 1531 571 ἐς
1558 518 1637 579 τὴν

196 595 423 638 Βοιωτίαν·
453 586 550 640 ὥςτε
580 588 633 634 οὗ
660 586 848 645 πρόσθεν
876 592 921 632 οἱ
956 590 1136 644 Θηβαῖοι
1164 589 1329 639 ἔμαθον
1355 590 1449 632 εἴσω
1478 591 1636 634 Πυλῶν

195 658 518 716 παρεληλυθότα
565 654 712 709 αὐτὸν,
765 655 860 711 πρὶν
904 658 948 700 ἐν
982 655 1189 713 Ὀγχηστῷ
1233 658 1432 707 γενέσθαι
1476 656 1546 708 ξὺν
1583 660 1638 721 τῇ

197 730 383 786 στρατιᾷ,
413 725 526 785 πάσῃ
554 750 624 769 -.
667 723 716 770 ‘O
747 722 793 768 δὲ
818 723 1086 779 Ἀλέξανδρος
1120 724 1163 775 ἐξ
1185 721 1420 780 Ὀγχηστοῦ
1456 723 1558 782 ἄρας
1582 730 1636 790 τῇ

173 796 383 855 ,ὑστεραίᾳ
420 799 591 853 προςῆγε
629 793 734 850 πρὸς
780 792 854 851 τὴν
892 792 1012 838 πόλιν
1049 795 1129 837 τῶν
1168 795 1367 849 ’Θηβαίων
1404 794 1536 839 κατὰ
1572 796 1630 841 τὸ

194 868 290 909 τοῦ
324 863 532 910 Ἰολάου
569 866 799 919 τέμενος.
863 856 923 905 Οὗ
954 860 1005 920 δὴ
1040 862 1108 905 καὶ
1143 860 1531 918 ἐστρατοπέδευσεν,
1568 867 1635 908 ἐν-

192 932 337 986 διδοὺς
363 937 424 978 ἔτι
452 940 542 984 τοῖς
572 935 771 991 Θηβαίοις
800 930 966 989 τριβὴν,
1004 933 1041 974 εἶ
1068 929 1329 988 μεταγνόντες
1355 932 1422 975 ἐπὶ
1444 939 1530 983 τοῖς
1557 950 1634 976 κα-

191 1006 270 1053 κῶς
298 1004 566 1057 ἐγνωσμένοις
594 1000 913 1057 πρεσβεύσαιντο
943 1000 1040 1055 παρ’
1070 997 1204 1043 αὐτόν.
1275 1003 1328 1042 Οἱ
1360 998 1407 1043 δὲ
1435 999 1635 1043 τοσούτου

189 1069 362 1126 ἐδέησαν
398 1066 615 1124 ἐνδόσιμόν
643 1087 684 1112 τι
712 1073 935 1124 παρασχεῖν
963 1069 1005 1117 ἒς
1033 1064 1252 1123 ξύμβασιν,
1300 1062 1396 1119 dis-ts
1422 1091 1480 1100 —
1507 1068 1632 1126 ἧκρο-

177 1138 400 1193 -βολίζοντο
437 1139 479 1187 ἐς
515 1135 591 1187 τὰς
629 1133 899 1193 προφυλακάς
934 1134 1022 1177 -.’
1066 1137 1156 1178 Καὶ
1187 1134 1447 1191 Ἀλέξανδρος
1485 1162 1543 1170 -
1581 1142 1635 1200 τῇ

187 1204 381 1264 ὑστεραίᾳ
410 1203 630 1262 ἇναλαβών
660 1203 738 1262 τὴν
767 1200 966 1261 στρατιὰν
1003 1206 1146 1247 πᾶσαν
1173 1205 1243 1247 καὶ
1270 1204 1501 1261 περιελθών
1528 1207 1636 1250 κατὰ

137 1322 139 1325 ,
182 1271 263 1324 ,τὰς
298 1272 431 1325 πύλας
465 1273 536 1326 τὰς
572 1271 775 1331 φερούσας
801 1272 865 1318 ἐπ’
892 1270 1145 1329 Ἐλευθεράς
1177 1290 1221 1316 τε
1245 1274 1316 1316 καὶ
1344 1273 1418 1330 τὴν
1443 1274 1633 1334 Ἀττικὴν

186 1365 247 1376 —-
283 1342 649 1397 ἐστρατοπέδευσεν
688 1340 740 1387 οὐ
789 1339 897 1386 πολὺ
934 1340 1096 1401 ἀπέχων
1143 1343 1214 1399 τῆς
1251 1339 1485 1396 Καδμείας·
1534 1339 1634 1393 dicre

187 1407 309 1464 ἐγγὺς
357 1410 464 1454 εἶναι
506 1409 706 1465 ὠφέλειαν
752 1411 833 1452 τῶν
868 1406 1129 1453 Μακεδόνων
1171 1415 1262 1459 τοῖς
1296 1407 1373 1465 τὴν
1410 1407 1636 1464 Καδμείαν

185 1478 358 1535 ἔχουσιν.
414 1478 463 1519 ln
489 1478 559 1519 his
598 1476 858 1529 singulariter
895 1476 1073 1517 cessavit
1108 1476 1401 1529 perspicacitas
1436 1476 1636 1528 interpre-

187 1552 271 1586 tum
308 1545 495 1588 omnium.
552 1546 931 1586 Animadvertantur
958 1557 1053 1584 vero
1083 1544 1199 1585 haec.
1256 1543 1490 1584 Alexander
1520 1544 1637 1584 The-

187 1615 319 1667 banos
361 1615 412 1655 ad
453 1612 629 1655 officium
665 1613 905 1654 reducturus
935 1612 1138 1653 Onchesto
1178 1611 1379 1665 profectus
1417 1611 1459 1651 in
1495 1612 1635 1653 itinere

184 1682 295 1723 haud
330 1684 471 1741 procul
501 1685 553 1723 ab
582 1683 679 1723 urbe
710 1684 763 1723 ad
792 1681 895 1722 Iolai
933 1680 1071 1722 fanum
1102 1681 1280 1722 substitit
1306 1681 1486 1732 deditque
1518 1681 1633 1722 The-

182 1748 300 1791 banis
350 1750 529 1792 mutandi
578 1749 741 1792 consilii
781 1748 956 1802 spatium
997 1748 1182 1804 (Diodor.
1220 1748 1348 1792 XVII.
1388 1763 1428 1802 P.
1451 1755 1550 1794 493.
1578 1750 1629 1792 D.

182 1817 389 1859 Plutarch.
433 1818 504 1861 vit.
544 1818 661 1862 Alex.
694 1818 765 1861 XI.
796 1816 891 1859 Vol..
908 1815 977 1859 IV.
1017 1830 1057 1868 p.
1083 1814 1219 1871 265.).
1286 1817 1474 1858 Substitit
1513 1819 1634 1871 igitur

180 1884 224 1926 in
254 1896 304 1925 ea
332 1885 421 1936 via,
455 1898 556 1937 quae
588 1891 650 1926 est
678 1898 704 1927 a
732 1884 861 1938 portis
891 1883 1068 1936 Nei'stis‚
1100 1886 1147 1925 de
1178 1898 1259 1937 qua
1286 1898 1385 1926 mox
1415 1890 1541 1929 verba
1570 1888 1635 1928 fa-

182 1952 347 1996 ciemus.
403 1952 550 1996 Verum
579 1956 632 1996 ad
657 1954 864 1995 Proetides
907 1953 1029 2006 signa
1059 1954 1279 1995 constituta
1308 1954 1453 2008 fuisse,
1488 1956 1633 1998 Arrhi-

182 2034 262 2063 ano
293 2028 336 2062 et'
360 2021 572 2064 Pausania
603 2023 843 2065 suasoribus
874 2029 1014 2063 contra
1043 2028 1175 2064 monet
1207 2023 1488 2067 Schmiederus
1518 2034 1637 2078 p.20.

181 2093 267 2135 Iam
297 2094 537 2147 cogitatione
568 2094 640 2137 tibi
671 2094 777 2149 tinge
810 2094 964 2147 aliquid
995 2095 1047 2135 ad
1075 2093 1192 2136 fidem
1222 2107 1349 2148 aeque
1382 2095 1542 2138 difficile
1574 2104 1637 2139 at-

181 2174 258 2215 que
298 2162 396 2203 hoc:
444 2164 583 2203 ducem
625 2164 719 2204 dum
756 2164 894 2204 urbem
934 2160 1196 2214 aggrediendi
1234 2163 1448 2203 etiamnum
1483 2177 1638 2205 omnem

180 2243 332 2277 moram
372 2229 498 2272 faciat
537 2231 595 2273 ita
634 2231 939 2283 circumvenire,
979 2236 1022 2272 ut
1058 2236 1173 2283 parte
1205 2231 1451 2273 occidendali
1481 2233 1636 2286 relicta,

182 2300 236 2339 ad
266 2310 388 2351 quam
417 2300 590 2352 primum
613 2305 873 2351 accesserat,
904 2311 993 2356 eam
1023 2304 1153 2351 petat,
1195 2312 1297 2352 quae
1328 2302 1381 2341 ad
1412 2306 1543 2342 ortum
1571 2317 1639 2343 so-

182 2364 235 2406 tis
274 2370 443 2416 spectat.
523 2366 612 2406 Hoc
658 2372 789 2407 tamen
836 2365 969 2406 animo
1008 2367 1243 2418 complexus
1282 2381 1374 2408 esse
1414 2368 1640 2411 Ari-biantis

182 2431 354 2473 creditur
380 2433 592 2474 dumtaxat
630 2435 683 2475 ab
712 2433 788 2486 iis,
831 2434 899 2486 qui
929 2436 1052 2475 verba
1081 2439 1261 2493 προςῆγε
1289 2435 1390 2493 πρὸς
1418 2437 1491 2495 τὴν
1520 2438 1641 2482 πόλιν

181 2503 262 2545 τῶν
296 2503 492 2557 Θηβαίων
531 2500 637 2545 κατὰ
669 2500 717 2545 τὸ
752 2505 831 2545 τοῦ
860 2500 1027 2547 Ἰολάου
1063 2506 1230 2557 τέμενος
1267 2505 1328 2546 sic
1366 2505 1447 2545 fere
1487 2507 1639 2559 scripta

183 2566 314 2609 oculis
332 2574 600 2621 usurparent:
630 2568 675 2625 (ὃ
706 2568 753 2614 δὲ
769 2568 1032 2627 Ἀλέξανδρος
1057 2573 1100 2623 ἐξ
1115 2570 1337 2630 Ὀγχηστοῦ
1365 2572 1485 2629 ἄρας)
1515 2591 1640 2630 προς-

185 2640 261 2696 ἦγε
288 2635 520 2694 περιελθών
557 2635 633 2695 τὴν
661 2636 791 2692 πόλον
820 2641 900 2683 τῶν
935 2642 1129 2696 Θηβαίων
1156 2640 1260 2697 πρὸς
1287 2640 1335 2684 τὸ
1363 2645 1440 2686 τοῦ
1478 2641 1641 2691 Ἰολάου

183 2706 361 2759 τέμενος.
418 2704 500 2745 Sed
537 2704 613 2745 hoo
652 2704 788 2757 ipsum
831 2708 1073 2748 coucedatur
1104 2721 1191 2748 cum
1221 2709 1399 2750 exercitu
1431 2712 1482 2752 ad
1516 2712 1643 2754 Proe-

180 2772 281 2815 tides
321 2773 597 2816 Alexandrum
632 2774 842 2818 restitisse.
912 2775 1017 2827 Quid
1068 2778 1242 2829 postea?
1315 2777 1351 2819 A
1389 2778 1643 2824 Proetidihus

178 2846 341 2894 postero
373 2843 435 2890 daie
470 2842 703 2884 Alexander
741 2849 879 2885 castra
915 2851 1140 2896 promovet,
1192 2858 1267 2897 quo
1298 2848 1556 2899 praesentius
1596 2850 1648 2889 sit

187 2910 387 2955 auxilium
424 2911 717 2955 Macedonibus
754 2912 799 2954 in
834 2912 1012 2956 Cadmea
1052 2913 1275 2960 collocatis,
1345 2916 1542 2970 Equidem
1578 2919 1645 2959 in·-

923 2990 926 2992 ·
1335 2983 1363 3024 3
