1824 3347
836 270 906 319 27

161 392 230 436 16,
260 377 307 427 4.'
330 397 373 436 p.
403 380 508 438 59).
569 381 731 431 Deinde
752 380 866 435 'quod
897 380 1081 434 sepulcro
1110 394 1221 424 aram
1249 383 1454 426 'subfuisse
1494 382 1601 425 scri-

159 454 216 497 nit
246 452 435 506 Ovidius,
465 453 569 494 idem
599 450 786 494 testatum
818 456 880 491 est
909 453 960 492 ab
990 455 1149 507 auctore
1176 451 1327 494 Aetnae
1357 454 1387 497 l.
1418 468 1455 498 c.
1511 454 1601 510 Hy-

159 522 299 576 ginum
335 528 489 573 autem,
533 521 569 562 si
602 521 681 562 hoc
714 520 859 561 addere
900 531 1000 572 opus
1041 524 1125 571 cst,
1173 520 1220 559 de
1248 520 1314 562 his
1345 522 1475 563 sacris
1505 529 1601 564 tan-

162 604 281 644 quam
310 590 501 646 obsoletis
530 588 639 642 loqui
668 586 837 629 obtinuit
854 586 1102 627 Munckerus
1134 599 1175 640 p.
1197 592 1293 629 118.
1349 587 1483 630 Verba
1510 591 1601 645 Hy-

160 660 248 714 gini
275 661 379 703 haec
410 665 522 702 sunt:
568 658 672 711 „His
703 671 792 699 cum
823 657 977 699 Thebis
1017 662 1318 711 parentaretur,
1357 659 1430 699 etsi
1457 667 1598 702 ventus

159 731 372 771 vehemens
403 734 535 780 esset,
578 734 711 768 tamen
741 727 873 767 fumus
907 741 951 767 se
981 740 1198 779 numquam
1227 726 1270 766 in
1300 739 1421 767 unam
1449 737 1601 780 partem

162 799 373 851 convertit,
418 799 485 839 sed
526 795 632 838 alius
670 795 749 837 alio
791 794 1047 848 seducitur“‚
1094 808 1195 849 quae
1228 794 1436 836 sollicitari
1467 803 1602 839 vetant

161 869 313 922 aliquot
343 867 549 920 exempla,
582 879 682 919 quae
715 871 807 907 sunt
845 865 1252 918 apudSehraderum
1282 865 1529 909 Animade
1550 869 1603 908 ad

159 936 269 980 Mus.
312 932 441 978 XVII·
484 949 525 989 p.
567 941 666 978 301.
714 948 774 987 sq.
852 934 996 975 Dicam
1048 935 1166 976 etiam
1209 937 1256 976 de
1292 935 1394 977 loco
1433 935 1603 978 Minucii

162 1007 300 1051 Octav.
330 1006 473 1049 XVIII.
504 1018 546 1058 p.
580 1011 675 1048 165.
709 1018 794 1057 sq.:
837 1004 1014 1056 „Omitto
1031 1004 1182 1045 Persas
1213 1006 1261 1046 de
1291 1018 1480 1057 equorum
1509 1007 1604 1047 hin·
1656 1030 1659 1033 ι

160 1075 245 1117 nitu
284 1080 526 1129 augurantes
564 1073 831 1126 principatum
860 1078 899 1112 et
931 1072 1219 1113 Thebanorum
1259 1080 1602 1124 permortuam

161 1142 396 1184 fabulam
415 1141 617 1193 transeo“‚
639 1141 706 1182 nbi
728 1140 882 1181 Ouzelii
905 1141 1128 1181 inventum:
1161 1141 1476 1192 „Thebanorum
1503 1157 1529 1195 p
1543 1156 1602 1184 ar

160 1218 406 1252 mortuum
435 1209 675 1250 fabulam
707 1211 899 1249 trauseo“
928 1222 1046 1261 quum
1076 1221 1216 1261 nugax
1235 1215 1274 1249 et
1303 1208 1501 1250 insulsum
1530 1224 1601 1252 es-

162 1293 206 1319 se
225 1279 440 1320 iudicasset
468 1278 547 1320 Iac.
570 1276 792 1318 Gronovius
823 1277 962 1317 edidit:
991 1276 1307 1329 „Thebanorum
1337 1290 1412 1330 par
1432 1276 1492 1333 (v.
1510 1279 1600 1323 Nic.

160 1346 350 1388 Heinsius
377 1347 419 1387 iu
449 1346 563 1389 Ovid.
595 1345 695 1388 Met,
726 1345 796 1389 IX.
829 1344 973 1400 405.),
1018 1352 1277 1388 mortuam
1314 1346 1601 1402 fabulam,“

162 1415 219 1457 ab
247 1415 443 1463 Minucio
481 1416 595 1457 aiens
634 1414 750 1457 hanc
783 1413 984 1473 fabulam
1015 1417 1075 1457 ad
1111 1419 1358 1472 exemplum
1386 1418 1507 1458 modo
1536 1421 1602 1459 ci-

163 1487 260 1526 tari
284 1485 361 1524 sed
386 1496 666 1537 nequaquam
692 1491 741 1523 ut
771 1486 864 1524 eius
891 1479 1023 1537 fidem
1051 1493 1260 1538 praestet.
1320 1485 1371 1526 At
1400 1497 1494 1525 vero
1525 1485 1605 1526 Ri-

164 1552 314 1606 galtins
346 1553 392 1593 de
426 1563 574 1592 caussa
603 1557 885 1604 percunctatus
916 1558 978 1592 est
1007 1551 1171 1606 frustra,
1203 1556 1251 1595 de
1283 1567 1362 1607 qua
1391 1561 1606 1594 mortuam

162 1618 366 1679 fabulam
400 1620 523 1661 dicat
551 1618 796 1671 Minucius,
837 1621 989 1674 paullo
1025 1629 1130 1664 ante
1165 1629 1360 1676 tempora
1399 1635 1479 1661 sua
1507 1629 1603 1662 tola

162 1687 305 1729 Statii
334 1686 549 1728 nebaide
585 1687 865 1727 decantatam
904 1694 942 1728 et
982 1702 1084 1740 quae
1114 1688 1304 1729 Antonini
1335 1694 1467 1728 aetate
1498 1691 1599 1730 adeo

161 1757 355 1810 viguerit,
400 1762 444 1795 ut
484 1754 602 1796 etiam
640 1753 738 1795 fides
773 1754 807 1795 ei
839 1754 1134 1808 adiungeretur.
1196 1756 1276 1798 Sed
1306 1762 1348 1796 ut
1379 1769 1467 1797 eam
1493 1771 1603 1799 mor-

164 1833 272 1867 tuam
291 1824 462 1878 potuerit
482 1823 625 1874 dicere,
656 1823 842 1864 hocloco
876 1823 909 1863 si
931 1823 1031 1865 dixit
1061 1830 1208 1866 temere
1230 1837 1327 1866 suae
1358 1824 1446 1877 ipse
1478 1839 1604 1868 caus-

165 1909 234 1938 sae
274 1895 418 1938 offecit.
475 1893 615 1946 Neque
652 1894 688 1934 is
728 1893 807 1935 alio
851 1894 981 1934 auimo
1023 1894 1240 1935 Persarum
1279 1901 1317 1935 et
1358 1894 1604 1935 Graecorum
1633 1919 1635 1922 ·

162 1964 415 2007 narrationes
448 1963 597 2015 omisit,
642 1975 763 2016 quam
794 1964 897 2015 qnod
927 1962 1205 2003 Romanorum
1235 1962 1419 2015 exempla
1449 1963 1605 2014 potiora

162 2035 329 2076 haberet
357 2032 520 2075 exteris.
578 2031 672 2073 Non
699 2045 761 2072 me
792 2030 911 2083 latet,
944 2032 1010 2084 qui
1040 2031 1191 2073 factum
1223 2032 1295 2084 sit,
1326 2038 1368 2072 ut
1399 2032 1445 2071 de
1466 2031 1604 2073 Minu-

166 2103 219 2145 cii
250 2103 381 2143 verbis
403 2102 630 2142 Gronovius
660 2113 826 2153 pravum
847 2100 1034 2141 iudicium
1063 2100 1225 2144 faceret.
1285 2099 1441 2151 Quippe
1457 2100 1492 2141 is
1522 2101 1602 2142 mi-
1653 2142 1656 2145 ,

162 2185 243 2213 nus
280 2177 530 2223 perspectam
566 2169 706 2211 habuit
746 2169 824 2210 vim
853 2169 965 2210 vocis
994 2169 1180 2221 fabulae,
1226 2181 1305 2222 qua
1335 2182 1415 2208 non
1444 2182 1494 2211 ea
1533 2184 1604 2212 so-

164 2239 261 2290 lum,
293 2250 392 2290 quae
421 2237 546 2290 liquet
572 2235 775 2287 fictaesse
805 2242 923 2289 atque
944 2237 1227 2289 commenticia,
1257 2250 1397 2278 verum
1415 2250 1464 2279 ea
1483 2239 1604 2282 etiam

159 2306 467 2361 significantur,
492 2310 619 2360 'quae
653 2306 778 2348 multo
816 2307 1017 2348 hominum
1048 2321 1229 2349 sermone
1261 2306 1602 2363 circumferuntur,

164 2377 208 2419 id
238 2378 342 2431 quod
370 2376 605 2430 planissime
632 2376 777 2421 evincit
805 2377 960 2420 Horatii
988 2393 1128 2422 versus
1159 2383 1300 2434 parum
1330 2379 1457 2422 adhuc
1485 2382 1524 2418 et
1548 2391 1600 2420 nc

165 2458 193 2487 a
220 2444 464 2487 Ruhnkeuio
494 2446 651 2498 quidem
678 2446 742 2503 (in
772 2445 935 2499 Terent.
966 2447 1112 2502 Hecyr.
1138 2448 1205 2492 lv.
1229 2454 1274 2501 3,
1317 2453 1382 2491 14.
1412 2459 1453 2499 p-
1475 2443 1601 2502 229.)

164 2513 415 2554 intellectus:
453 2513 566 2565 „Iam
596 2520 634 2555 te
664 2521 815 2567 premet
844 2529 929 2556 nox
965 2516 1282 2570 fabulaeque
1320 2516 1500 2557 Manes
1544 2515 1602 2557 Et

167 2586 308 2625 domus
340 2581 459 2623 exilis
490 2582 724 2628 Plutonia.“
782 2585 876 2627 Alia
905 2585 1159 2638 suppeditant
1189 2586 1245 2626 10.
1277 2584 1346 2625 Fr.
1369 2583 1602 2626 Gronovius

167 2653 287 2697 Ohss.
319 2650 386 2694 IV.
410 2657 475 2693 13.
494 2664 534 2703 p.
555 2658 654 2696 666.
686 2660 724 2695 et
753 2654 844 2697 Nic;
864 2652 1057 2695 Heinsius
1077 2654 1120 2694 in
1140 2653 1254 2695 Ovid.
1274 2652 1364 2695 Am:
1384 2651 1416 2693 1.
1440 2658 1508 2704 13,
1530 2658 1602 2697 36.

168 2718 322 2774 Graece
356 2719 436 2760 ‘hoc
465 2731 546 2759 non
575 2720 723 2777 λῆρον,
770 2727 814 2761 nt
845 2726 981 2771 censet
1009 2720 1087 2763 Iac.
1119 2720 1368 2772 Gronovius,
1408 2720 1480 2761 sed
1510 2717 1603 2777 διή-

168 2806 290 2847 γημα,
326 2789 429 2842 quod
460 2787 589 2841 tetigit
616 2787 866 2831 D’Orvillius
883 2790 926 2831 in
945 2789 1100 2833 Charit„
1127 2802 1167 2842 p.
1187 2795 1299 2841 480„
1325 2788 1497 2830 dixisset
1517 2788 1603 2830 Mi-

165 2857 322 2910 nucius,
356 2858 422 2910 qui
443 2858 683 2900 Thebanum
702 2872 778 2912 par
797 2858 974 2901 fabulam
993 2859 1237 2912 appellando
1263 2859 1335 2900 vix
1353 2859 1486 2900 dubito
1507 2857 1602 2910 quin

166 2925 298 2978 ipsum
336 2926 544 2968 Horatium
587 2927 814 2969 aemulatus
852 2928 916 2973 sit.
945 2932 947 2934 ’
975 2928 1105 2981 Loqui
1153 2934 1285 2971 autem
1314 2930 1480 2969 eundem
1517 2939 1600 2968 non
