1824 3347
932 242 996 295 16

225 356 426 404 maculam
454 356 740 412 agnoscimus,
770 371 859 400 eam
884 358 946 400 fer
975 372 1114 413 opem,
1152 371 1273 412 quam
1289 359 1426 402 valere
1454 372 1592 403 omnes
1617 357 1683 401 fu-

224 426 406 470 tebimur.
483 426 605 486 Nosti
642 440 932 480 nonuunquam
974 427 1262 471 vocabulorum
1297 425 1441 481 πόλεις
1485 436 1524 472 et
1558 426 1686 475 πύλαι

222 492 333 534 vIees
362 494 534 545 mutari3
566 494 633 537 sin
661 495 815 548 miuus,
844 496 911 537 adi
937 496 1004 538 vel
1028 495 1200 548 Hasinm
1229 509 1371 539 comm.
1405 498 1455 539 de
1481 501 1542 544 Io.
1567 498 1682 554 Lydo

224 575 265 614 Ρ.
291 561 404 606 LIX.
439 563 525 605 sive
549 564 797 606 Roetherum
833 564 878 605 in
906 565 1012 620 Lyd.
1050 567 1099 607 de
1130 565 1287 611 Menss.
1314 565 1382 610 lv.
1410 573 1480 611 88.
1512 581 1553 621 Ρ.
1583 574 1683 612 288.

224 636 263 671 et
285 630 576 672 Schneider-um
605 631 650 671 in
679 631 864 683 Xenoph.
885 631 997 677 Hist.
1023 632 1094 675 Gr.
1115 631 1182 676 IV.
1212 638 1254 685 4,
1280 641 1321 678 9.
1347 646 1388 686 Ρ.
1405 638 1528 683 2534
1555 633 1686 685 πύλας

220 700 420 749 rescribe;
449 700 528 740 hae
558 698 848 750 desiderantur,
883 699 960 741 hae
991 700 1293 754 perplacebunt.
1349 699 1493 752 Audio,
1521 711 1597 742 nec
1620 708 1684 746 ta-
1751 721 1753 723 ·
1820 693 1822 698 ’

220 780 315 808 men
348 763 430 808 ista'
464 780 527 807 me
565 773 735 808 movent.
804 766 944 808 Habes
970 768 1158 809 Electras
1189 767 1443 821 oppidulum3
1481 767 1558 808 hoc
1586 781 1681 809 vero

222 834 456 889 oppidulum
484 839 548 875 est
578 834 814 875 Thebarum
844 834 1091 878 suburbium.
1148 834 1213 877 An
1243 841 1285 876 tu
1311 833 1454 875 mirere
1482 847 1581 875 voce
1605 830 1684 878 nl>—

221 905 288 955 λις
315 903 533 945 nonnullos
565 906 720 946 abusos
749 917 839 945 esse
871 906 923 945 ad
955 911 1187 957 separatam
1216 904 1416 956 quandam
1449 901 1558 944 urhis
1584 915 1684 955 par-

223 977 305 1012 tem
331 970 674 1023 significandam?
731 971 793 1012 De
831 983 881 1012 ea
916 985 960 1012 re
996 971 1098 1028 satis
1126 983 1368 1023 responsum
1393 976 1454 1011 est
1479 982 1506 1011 a
1534 969 1685 1012 Gram—

220 1039 300 1079 mio
337 1044 491 1081 anuott.
533 1038 577 1078 in
622 1039 762 1080 Schol.
800 1039 985 1092 Thucyd.
1024 1038 1115 1080 Vol.
1142 1038 1211 1081 Vl.
1249 1052 1292 1091 Ρ.
1318 1045 1416 1081 275.
1438 1045 1540 1082 276.
1578 1037 1685 1079 conf.

219 1107 418 1150 Abresch.
453 1106 692 1150 Animade.
732 1106 775 1148 in
803 1106 996 1160 Aeschyl.
1025 1105 1115 1150 Vol.
1138 1106 1173 1150 I.
1211 1120 1253 1160 p.
1276 1113 1374 1150 169.
1413 1105 1552 1148 schol.
1586 1104 1686 1147 Ari-

223 1177 318 1220 stid.
352 1190 393 1230 p.
414 1183 483 1220 29.
551 1176 692 1229 Neque
730 1176 849 1217 aliter
884 1176 1117 1229 Stephanus
1153 1175 1403 1230 Byzantinus
1435 1189 1478 1229 p.
1503 1181 1611 1228 232,
1642 1180 1686 1220 3.

218 1243 342 1287 Diud.
385 1242 636 1298 Calydnam‚
677 1242 744 1296 qui
783 1249 822 1284 et
852 1243 938 1298 ipse
968 1243 1203 1285 Thebarum
1229 1242 1345 1285 vicus
1372 1242 1468 1295 fuit,
1498 1243 1685 1297 appella-

219 1312 303 1353 vit:
334 1310 535 1356 Κάλυὸνα
560 1310 680 1362 πόλις
716 1308 870 1369 Θήβης.
930 1311 1068 1364 Itaque
1093 1311 1395 1365 promptissima
1421 1318 1482 1353 est
1508 1312 1685 1365 apertis-

223 1378 404 1432 simaque
427 1378 547 1431 ratio,
579 1391 659 1431 qua
684 1391 711 1420 a
728 1378 858 1420 Bastii
881 1379 1017 1431 Epist.
1037 1378 1135 1422 crit.
1164 1392 1207 1432 Ρ.
1234 1386 1330 1423 188.
1356 1379 1572 1421 tentatione
1601 1392 1684 1420 non

221 1448 449 1505 improbata
477 1447 638 1488 Sturzio
676 1447 718 1487 in
741 1447 962 1501 Pherecyd.
989 1461 1030 1500 Ρ.
1051 1453 1149 1490 185.
1189 1454 1227 1488 et
1254 1446 1420 1488 Marxio
1451 1447 1495 1488 in
1522 1447 1679 1500 Ephor.

220 1529 264 1570 Ρ.
286 1522 385 1560 102.
414 1514 665 1557 vindicentur
690 1516 814 1556 verba
838 1513 1029 1555 Antonini
1048 1514 1254 1555 Liberalis
1282 1513 1481 1559 c.xxl11.
1508 1528 1548 1568 p.
1563 1520 1683 1558 143.=

218 1579 360 1634 ‘'naas-
388 1582 436 1628 δὲ
472 1584 542 1627 καὶ
571 1585 615 1627 οἱ
654 1582 780 1627 ἄλλοι
811 1582 1081 1639 Ἡρακλεῖδαι
1111 1606 1166 1616 —-
1196 1585 1490 1635 κατοικίζονται
1528 1581 1684 1629 πόλιν

218 1654 275 1696 ἓν
319 1648 536 1711 Θήβαις·
575 1672 634 1681 ·-·
672 1650 806 1707 ᾤκουν
852 1651 899 1695 δὲ
943 1650 1058 1707 παρὰ
1100 1650 1173 1702 τὰς
1205 1650 1432 1707 Ἠλέκτρας
1478 1651 1682 1704 πύλας.2)

219 1721 369 1764 Verum
395 1722 497 1763 haec
526 1732 671 1773 parum
698 1719 907 1774 perspexit
931 1720 1182 1772 Siebelisim,
1210 1720 1277 1773 qui
1308 1724 1428 1773 quum
1456 1720 1500 1761 in
1530 1719 1685 1762 descri-

221 1789 359 1843 ptione
398 1788 628 1829 Proetidum
667 1789 774 1841 apud
813 1787 1064 1830 Pausaniam
1105 1802 1142 1832 c.
1166 1793 1244 1839 17,
1283 1793 1327 1831 2.
1363 1800 1406 1840 Ρ.
1439 1793 1509 1831 61.
1547 1786 1684 1840 posita

222 1859 350 1902 verba
376 1856 456 1898 sint
490 1856 613 1897 haec:
651 1856 825 1913 πλησίον
862 1856 909 1901 δὲ
932 1853 1245 1914 Ἀμφιτρύωνος
1272 1852 1351 1899 δύο
1378 1853 1593 1913 ἀγάλματα
1621 1855 1685 1899 λί-

221 1934 327 1972 θινα
353 1927 545 1982 λέγουσιν
561 1923 751 1980 Ἀθηνᾶς
777 1927 990 1981 ἐπίκλησιν
1014 1928 1268 1988 Ζωστηρίας,
1308 1922 1353 1964 iu
1371 1925 1525 1967 adnott.
1554 1937 1598 1976 Ρ.
1615 1929 1683 1966 56.

221 1992 593 2036 inconsiderantius
639 1992 745 2033 hanc
793 1992 989 2032 conclusit
1035 1991 1437 2043 argumentationem:
1492 1992 1686 2047 Πλησίον

218 2061 524 2121 Ἀμφιτρύωνος
568 2075 709 2116 prope
759 2060 930 2102 domum
968 2059 1311 2116 Amphitryonis
1349 2061 1496 2111 illam,
1552 2072 1685 2113 quam

224 2147 261 2177 c.
286 2140 355 2176 11.
378 2139 416 2175 1.
446 2132 572 2172 dixit
600 2129 809 2172 Electrae
831 2138 991 2185 portae
1020 2129 1081 2170 ad
1104 2131 1334 2170 sinistram
1359 2126 1514 2186 fuisse.
1573 2125 1685 2168 Fuit

361 2227 402 2270 2)
421 2226 572 2272 Integer
584 2224 693 2259 locus
710 2220 765 2258 sic
782 2218 916 2258 habet:
942 2218 1161 2269 ,Εὐρυσθεὺς
1177 2220 1208 2256 δ’
1224 2222 1384 2269 ἐνέβαλεν
1397 2222 1446 2261 εἰς
1457 2218 1685 2266 τὴνἌττικὴν

223 2280 284 2316 καὶ
294 2278 588 2326 παραταξάμενος
601 2276 709 2316 αὐτὸς
724 2279 790 2323 μὲν
802 2275 1028 2323 ἀποθνήσκει
1040 2278 1262 2325 μαχόμενος,
1292 2279 1314 2324 ἢ
1339 2280 1376 2315 δὲ
1394 2278 1538 2324 πληθύς
1553 2279 1684 2326 ἐτράπη

223 2340 294 2374 τῶν
302 2337 477 2385 Ἀργείων·
493 2336 622 2374 ‘Tuae
638 2336 676 2370 δὲ
690 2336 748 2369 καὶ
762 2338 797 2369 οἱ
810 2335 1154 2383 ἄλλοιἹΙρακλεῖδαι
1172 2337 1240 2372 καὶ
1259 2338 1336 2374 σὺν
1358 2337 1516 2377 αὐτοῖς
1533 2337 1685 2373 ἀποθα-

222 2395 349 2434 νόντος
361 2393 582 2441 Εὐρυσθέως
598 2391 851 2433 κατοικίζονται
862 2393 965 2427 πόλιν
981 2396 1017 2427 ἔν
1039 2393 1187 2440 Θήβαις.
1241 2395 1384 2431 sturzii
1404 2397 1429 2432 1.
1446 2394 1481 2432 d.
1498 2394 1685 2430 iudicium

222 2453 298 2490 hoc
322 2458 397 2489 est:
436 2456 510 2487 Pro
535 2447 593 2483 καὶ
617 2448 681 2483 σὺν
701 2448 824 2487 αὐτοῖς
843 2449 1044 2497 legendum
1067 2456 1124 2486 est
1143 2462 1231 2487 cum
1250 2451 1462 2487 Munckero
1486 2449 1551 2502 od?
1575 2443 1683 2495 advq3‘,

224 2512 361 2546 omisso
374 2510 453 2556 καὶ,
476 2509 543 2545 vel
553 2509 682 2557 potius
700 2509 736 2541 οἱ
749 2513 836 2558 post
856 2507 914 2540 καὶ
936 2507 1188 2544 inserendum.
1244 2508 1356 2555 Quod
1381 2506 1523 2544 nullius
1543 2511 1600 2542 est
1619 2506 1686 2541 di-

224 2568 427 2605 scriminis.
485 2569 617 2603 Fallor
636 2577 708 2613 ego
741 2572 805 2601 aut
825 2565 1007 2613 scriptum
1035 2566 1106 2602 fuit
1127 2566 1334 2615 antiquifus
1363 2564 1514 2602 αὐτοῖς
1536 2564 1684 2598 παισὶν

224 2622 473 2666 ἆποθανόντος
490 2622 723 2672 Εὐρυσθέως.
777 2624 876 2659 Nam
895 2634 977 2659 non
992 2623 1244 2670 Eurystheum
1266 2625 1413 2668 solum,
1445 2632 1581 2658 verum
1602 2620 1685 2659 eius

223 2679 327 2717 filios
342 2681 455 2719 etiam
473 2681 577 2719 bello
602 2693 685 2719 cum
698 2677 997 2717 Atheniensibus
1020 2685 1126 2727 gesto
1148 2677 1335 2717 occidisse
1356 2677 1566 2715 memoriae
1588 2690 1685 2726 pro-

223 2735 326 2771 didit
343 2737 599 2783 Apollodorus
608 2739 655 2775 ΙΙ.
668 2738 703 2781 8,
718 2739 751 2773 1.
800 2734 1020 2772 Verborum
1035 2734 1362 2773 constructionem
1377 2732 1542 2781 probant
1557 2735 1684 2771 Scho-

222 2784 337 2828 liasta
351 2790 508 2829 Aristid.
531 2804 569 2840 p.
579 2792 657 2831 356.
710 2792 910 2840 Berglerus
930 2789 971 2826 in
984 2789 1157 2838 Alciphr.
1182 2785 1213 2827 1.
1225 2792 1262 2827 2.
1286 2791 1551 2841 p.25.Wagn.
1599 2791 1688 2829 Car.

226 2850 348 2885 Gottl.
368 2849 542 2886 Kuhnius
562 2850 604 2886 in
631 2850 782 2886 Aelian.
796 2850 889 2886 Ver.
904 2847 1017 2885 Histt.
1034 2849 1064 2886 1.
1085 2850 1121 2886 4.
1149 2860 1188 2897 Ρ.
1198 2848 1234 2886 5.
1280 2847 1481 2885 Elmsleius
1498 2848 1539 2884 in
1555 2848 1684 2895 Eurip.

225 2909 328 2947 Med.
349 2910 431 2948 165.
