<?xml version="1.0" encoding="UTF-8"?>
<!DOCTYPE html PUBLIC "-//W3C//DTD XHTML 1.0 Transitional//EN"
    "http://www.w3.org/TR/xhtml1/DTD/xhtml1-transitional.dtd">
<html xmlns="http://www.w3.org/1999/xhtml" xml:lang="en" lang="en">
 <head>
  <title>
</title>
<meta http-equiv="Content-Type" content="text/html;charset=utf-8" />
  <meta name='ocr-system' content='tesseract 3.04.00' />
  <meta name='ocr-capabilities' content='ocr_page ocr_carea ocr_par ocr_line ocrx_word'/>
</head>
<body>
  <div class='ocr_page' id='page_1' title='image "4737195_0033.png"; bbox 0 0 1824 3347; ppageno 0'>
   <div class='ocr_carea' id='block_1_1' title="bbox 0 0 281 33">
    <p class='ocr_par' dir='ltr' id='par_1_1' title="bbox 0 0 281 33">
     <span class='ocr_line' id='line_1_1' title="bbox 0 0 281 33; baseline 0 3314"><span class='ocrx_word' id='word_1_1' title='bbox 0 0 281 33; x_wconf 95' lang='lat' dir='ltr'><strong> </strong></span> 
     </span>
    </p>
   </div>
   <div class='ocr_carea' id='block_1_2' title="bbox 863 302 932 351">
    <p class='ocr_par' dir='ltr' id='par_1_2' title="bbox 863 302 932 351">
     <span class='ocr_line' id='line_1_2' title="bbox 863 302 932 351; baseline 0 0"><span class='ocrx_word' id='word_1_2' title='bbox 863 302 932 351; x_wconf 76' lang='lat'><strong>25</strong></span> 
     </span>
    </p>
   </div>
   <div class='ocr_carea' id='block_1_3' title="bbox 159 413 1624 469">
    <p class='ocr_par' dir='ltr' id='par_1_3' title="bbox 159 413 1624 469">
     <span class='ocr_line' id='line_1_3' title="bbox 159 413 1624 469; baseline 0.003 -13"><span class='ocrx_word' id='word_1_3' title='bbox 159 416 270 469; x_wconf 68' lang='lat' dir='ltr'><strong>&#39;gnis</strong></span> <span class='ocrx_word' id='word_1_4' title='bbox 300 424 393 456; x_wconf 82' lang='lat' dir='ltr'><strong>vero</strong></span> <span class='ocrx_word' id='word_1_5' title='bbox 424 421 510 457; x_wconf 77' lang='lat' dir='ltr'><strong>erat</strong></span> <span class='ocrx_word' id='word_1_6' title='bbox 537 415 575 457; x_wconf 88' lang='lat' dir='ltr'><strong>is</strong></span> <span class='ocrx_word' id='word_1_7' title='bbox 612 413 789 456; x_wconf 61' lang='lat' dir='ltr'><strong>munius</strong></span> <span class='ocrx_word' id='word_1_8' title='bbox 824 413 1027 468; x_wconf 75' lang='lat' dir='ltr'><strong>impositis</strong></span> <span class='ocrx_word' id='word_1_9' title='bbox 1063 414 1190 457; x_wconf 79' lang='lat' dir='ltr'><strong>trihus</strong></span> <span class='ocrx_word' id='word_1_10' title='bbox 1227 418 1343 460; x_wconf 84' lang='lat' dir='ltr'><strong>saxis</strong></span> <span class='ocrx_word' id='word_1_11' title='bbox 1370 417 1499 460; x_wconf 69' lang='lat' dir='ltr'><strong>fmilia</strong></span> <span class='ocrx_word' id='word_1_12' title='bbox 1518 446 1520 448; x_wconf 82' lang='lat'>·</span> <span class='ocrx_word' id='word_1_13' title='bbox 1538 423 1624 460; x_wconf 73' lang='lat' dir='ltr'><strong>arte</strong></span> 
     </span>
    </p>
   </div>
   <div class='ocr_carea' id='block_1_4' title="bbox 175 471 1623 608">
    <p class='ocr_par' dir='ltr' id='par_1_4' title="bbox 175 471 1623 608">
     <span class='ocr_line' id='line_1_4' title="bbox 177 471 1623 545; baseline 0.001 -19"><span class='ocrx_word' id='word_1_14' title='bbox 177 484 424 526; x_wconf 67' lang='lat' dir='ltr'><strong>circumcisis</strong></span> <span class='ocrx_word' id='word_1_15' title='bbox 452 471 719 542; x_wconf 80' lang='lat' dir='ltr'><strong>(Pausan.&#39;l.</strong></span> <span class='ocrx_word' id='word_1_16' title='bbox 742 481 836 538; x_wconf 62' lang='lat' dir='ltr'><strong>ct),</strong></span> <span class='ocrx_word' id='word_1_17' title='bbox 874 484 977 545; x_wconf 83' lang='lat' dir='ltr'><strong>unde</strong></span> <span class='ocrx_word' id='word_1_18' title='bbox 1017 483 1133 525; x_wconf 71' lang='lat' dir='ltr'><strong>iuvat</strong></span> <span class='ocrx_word' id='word_1_19' title='bbox 1167 498 1470 528; x_wconf 69' lang='lat' dir='ltr'><strong>comminorare</strong></span> <span class='ocrx_word' id='word_1_20' title='bbox 1507 487 1623 528; x_wconf 84' lang='lat' dir='ltr'><strong>Dod-</strong></span> 
     </span>
     <span class='ocr_line' id='line_1_5' title="bbox 175 545 1621 608; baseline 0.002 -17"><span class='ocrx_word' id='word_1_21' title='bbox 175 550 358 603; x_wconf 78' lang='lat' dir='ltr'><strong>wellum,</strong></span> <span class='ocrx_word' id='word_1_22' title='bbox 397 565 518 605; x_wconf 85' lang='lat' dir='ltr'><strong>quum</strong></span> <span class='ocrx_word' id='word_1_23' title='bbox 546 558 626 592; x_wconf 81' lang='lat' dir='ltr'><strong>tres</strong></span> <span class='ocrx_word' id='word_1_24' title='bbox 663 551 745 592; x_wconf 80' lang='lat' dir='ltr'><strong>fere</strong></span> <span class='ocrx_word' id='word_1_25' title='bbox 781 551 906 592; x_wconf 81' lang='lat' dir='ltr'><strong>horas</strong></span> <span class='ocrx_word' id='word_1_26' title='bbox 932 545 1264 608; x_wconf 11' lang='lat' dir='ltr'><strong>,consumpsisset</strong></span> <span class='ocrx_word' id='word_1_27' title='bbox 1301 554 1344 594; x_wconf 89' lang='lat' dir='ltr'><strong>in</strong></span> <span class='ocrx_word' id='word_1_28' title='bbox 1379 553 1621 596; x_wconf 84' lang='lat' dir='ltr'><strong>conficiendo</strong></span> 
     </span>
    </p>
   </div>
   <div class='ocr_carea' id='block_1_5' title="bbox 170 619 1623 677">
    <p class='ocr_par' dir='ltr' id='par_1_5' title="bbox 170 619 1623 677">
     <span class='ocr_line' id='line_1_6' title="bbox 170 619 1623 677; baseline 0.001 -14"><span class='ocrx_word' id='word_1_29' title='bbox 170 620 331 673; x_wconf 82' lang='lat' dir='ltr'><strong>itinere,</strong></span> <span class='ocrx_word' id='word_1_30' title='bbox 360 635 434 675; x_wconf 89' lang='lat' dir='ltr'><strong>quo</strong></span> <span class='ocrx_word' id='word_1_31' title='bbox 454 620 614 663; x_wconf 81' lang='lat' dir='ltr'><strong>Thebis</strong></span> <span class='ocrx_word' id='word_1_32' title='bbox 632 621 802 662; x_wconf 77' lang='lat' dir='ltr'><strong>Euboea</strong></span> <span class='ocrx_word' id='word_1_33' title='bbox 821 619 978 673; x_wconf 85' lang='lat' dir='ltr'><strong>petitur,</strong></span> <span class='ocrx_word' id='word_1_34' title='bbox 1004 621 1120 662; x_wconf 85' lang='lat' dir='ltr'><strong>iuxta</strong></span> <span class='ocrx_word' id='word_1_35' title='bbox 1141 622 1307 662; x_wconf 85' lang='lat' dir='ltr'><strong>eandem</strong></span> <span class='ocrx_word' id='word_1_36' title='bbox 1326 621 1431 662; x_wconf 86' lang='lat' dir='ltr'><strong>viam</strong></span> <span class='ocrx_word' id='word_1_37' title='bbox 1459 624 1623 677; x_wconf 80' lang='lat' dir='ltr'><strong>totidem</strong></span> 
     </span>
    </p>
   </div>
   <div class='ocr_carea' id='block_1_6' title="bbox 174 687 1630 3012">
    <p class='ocr_par' dir='ltr' id='par_1_6' title="bbox 174 687 1630 3012">
     <span class='ocr_line' id='line_1_7' title="bbox 179 687 1622 742; baseline 0.003 -13"><span class='ocrx_word' id='word_1_38' title='bbox 179 687 335 742; x_wconf 86' lang='lat' dir='ltr'><strong>lapides</strong></span> <span class='ocrx_word' id='word_1_39' title='bbox 365 691 484 731; x_wconf 88' lang='lat' dir='ltr'><strong>rudes</strong></span> <span class='ocrx_word' id='word_1_40' title='bbox 514 688 747 732; x_wconf 84' lang='lat' dir='ltr'><strong>offendisse.</strong></span> <span class='ocrx_word' id='word_1_41' title='bbox 776 688 856 731; x_wconf 81' lang='lat' dir='ltr'><strong>vid.</strong></span> <span class='ocrx_word' id='word_1_42' title='bbox 885 688 982 731; x_wconf 68' lang='lat' dir='ltr'><strong>ltin.</strong></span> <span class='ocrx_word' id='word_1_43' title='bbox 1000 688 1096 732; x_wconf 81' lang='lat' dir='ltr'><strong>-Vol,</strong></span> <span class='ocrx_word' id='word_1_44' title='bbox 1116 688 1165 734; x_wconf 88' lang='lat'><strong>11.</strong></span> <span class='ocrx_word' id='word_1_45' title='bbox 1195 688 1242 732; x_wconf 91' lang='lat' dir='ltr'><strong>P.</strong></span> <span class='ocrx_word' id='word_1_46' title='bbox 1263 688 1294 732; x_wconf 90' lang='grc' dir='ltr'><strong>Ι.</strong></span> <span class='ocrx_word' id='word_1_47' title='bbox 1316 701 1357 742; x_wconf 90' lang='grc' dir='ltr'><strong>Ρ.</strong></span> <span class='ocrx_word' id='word_1_48' title='bbox 1385 695 1479 733; x_wconf 84' lang='grc'><strong>244.</strong></span> <span class='ocrx_word' id='word_1_49' title='bbox 1528 691 1622 733; x_wconf 85' lang='lat' dir='ltr'><strong>Ex-</strong></span> 
     </span>
     <span class='ocr_line' id='line_1_8' title="bbox 177 759 1622 816; baseline -0.002 -16"><span class='ocrx_word' id='word_1_50' title='bbox 177 759 268 801; x_wconf 89' lang='lat' dir='ltr'><strong>inde</strong></span> <span class='ocrx_word' id='word_1_51' title='bbox 299 761 524 814; x_wconf 86' lang='lat' dir='ltr'><strong>propinqua</strong></span> <span class='ocrx_word' id='word_1_52' title='bbox 562 766 675 801; x_wconf 84' lang='lat' dir='ltr'><strong>erant</strong></span> <span class='ocrx_word' id='word_1_53' title='bbox 703 766 958 801; x_wconf 88' lang='lat' dir='ltr'><strong>monumenta</strong></span> <span class='ocrx_word' id='word_1_54' title='bbox 987 760 1168 801; x_wconf 87' lang='lat' dir='ltr'><strong>Eteoclis</strong></span> <span class='ocrx_word' id='word_1_55' title='bbox 1198 765 1237 800; x_wconf 91' lang='lat' dir='ltr'><strong>et</strong></span> <span class='ocrx_word' id='word_1_56' title='bbox 1265 759 1471 812; x_wconf 86' lang='lat' dir='ltr'><strong>Polynieis</strong></span> <span class='ocrx_word' id='word_1_57' title='bbox 1500 760 1622 816; x_wconf 74' lang='grc' dir='ltr'>(τύμ-</span> 
     </span>
     <span class='ocr_line' id='line_1_9' title="bbox 175 826 1625 884; baseline -0.001 -14"><span class='ocrx_word' id='word_1_58' title='bbox 175 830 251 884; x_wconf 81' lang='grc' dir='ltr'><strong>βος</strong></span> <span class='ocrx_word' id='word_1_59' title='bbox 277 826 538 884; x_wconf 74' lang='grc' dir='ltr'><strong><em>ὀρθόκρανος</em></strong></span> <span class='ocrx_word' id='word_1_60' title='bbox 568 828 695 881; x_wconf 86' lang='lat' dir='ltr'><strong>Soph.</strong></span> <span class='ocrx_word' id='word_1_61' title='bbox 727 826 866 879; x_wconf 80' lang='lat' dir='ltr'><strong>Antig.</strong></span> <span class='ocrx_word' id='word_1_62' title='bbox 900 826 1050 884; x_wconf 83' lang='grc'><strong>1203.)</strong></span> <span class='ocrx_word' id='word_1_63' title='bbox 1093 840 1119 868; x_wconf 87' lang='lat' dir='ltr'><strong>a</strong></span> <span class='ocrx_word' id='word_1_64' title='bbox 1149 826 1363 868; x_wconf 82' lang='lat' dir='ltr'><strong>Thebanis</strong></span> <span class='ocrx_word' id='word_1_65' title='bbox 1392 826 1434 867; x_wconf 91' lang='lat' dir='ltr'><strong>in</strong></span> <span class='ocrx_word' id='word_1_66' title='bbox 1463 827 1625 868; x_wconf 89' lang='lat' dir='ltr'><strong>heroum</strong></span> 
     </span>
     <span class='ocr_line' id='line_1_10' title="bbox 177 894 1627 947; baseline -0.002 -9"><span class='ocrx_word' id='word_1_67' title='bbox 177 907 385 938; x_wconf 78' lang='lat' dir='ltr'><strong>numerum</strong></span> <span class='ocrx_word' id='word_1_68' title='bbox 414 895 643 937; x_wconf 69' lang='lat' dir='ltr'><strong>relatorum,</strong></span> <span class='ocrx_word' id='word_1_69' title='bbox 712 894 869 945; x_wconf 77' lang='lat' dir='ltr'><strong>Quibus</strong></span> <span class='ocrx_word' id='word_1_70' title='bbox 901 894 1212 947; x_wconf 80' lang='lat' dir='ltr'><strong>quotiescunque</strong></span> <span class='ocrx_word' id='word_1_71' title='bbox 1240 895 1296 936; x_wconf 88' lang='lat' dir='ltr'><strong>ihi</strong></span> <span class='ocrx_word' id='word_1_72' title='bbox 1322 895 1550 947; x_wconf 86' lang='lat' dir='ltr'><strong>parentalia</strong></span> <span class='ocrx_word' id='word_1_73' title='bbox 1577 895 1627 935; x_wconf 85' lang='lat' dir='ltr'><strong>fi-</strong></span> 
     </span>
     <span class='ocr_line' id='line_1_11' title="bbox 178 962 1627 1016; baseline 0 -12"><span class='ocrx_word' id='word_1_74' title='bbox 178 970 309 1016; x_wconf 84' lang='lat' dir='ltr'><strong>erent,</strong></span> <span class='ocrx_word' id='word_1_75' title='bbox 347 963 458 1005; x_wconf 83' lang='lat' dir='ltr'><strong>fama</strong></span> <span class='ocrx_word' id='word_1_76' title='bbox 493 970 599 1005; x_wconf 89' lang='lat' dir='ltr'><strong>tenet</strong></span> <span class='ocrx_word' id='word_1_77' title='bbox 625 977 708 1004; x_wconf 90' lang='lat' dir='ltr'><strong>nou</strong></span> <span class='ocrx_word' id='word_1_78' title='bbox 742 963 873 1005; x_wconf 87' lang='lat' dir='ltr'><strong>solum</strong></span> <span class='ocrx_word' id='word_1_79' title='bbox 899 962 1033 1015; x_wconf 81' lang='lat' dir='ltr'><strong>ignem</strong></span> <span class='ocrx_word' id='word_1_80' title='bbox 1063 963 1290 1016; x_wconf 87' lang='lat' dir='ltr'><strong>fumumque</strong></span> <span class='ocrx_word' id='word_1_81' title='bbox 1319 963 1363 1005; x_wconf 90' lang='lat' dir='ltr'><strong>in</strong></span> <span class='ocrx_word' id='word_1_82' title='bbox 1395 965 1497 1004; x_wconf 81' lang='lat' dir='ltr'><strong>duas</strong></span> <span class='ocrx_word' id='word_1_83' title='bbox 1526 976 1627 1016; x_wconf 82' lang='lat' dir='ltr'><strong>par-</strong></span> 
     </span>
     <span class='ocr_line' id='line_1_12' title="bbox 178 1028 1625 1087; baseline -0.001 -16"><span class='ocrx_word' id='word_1_84' title='bbox 178 1038 238 1071; x_wconf 87' lang='lat' dir='ltr'><strong>tes</strong></span> <span class='ocrx_word' id='word_1_85' title='bbox 264 1032 503 1072; x_wconf 83' lang='lat' dir='ltr'><strong>discessisse</strong></span> <span class='ocrx_word' id='word_1_86' title='bbox 540 1030 744 1087; x_wconf 83' lang='lat' dir='ltr'><strong>(Pausan.</strong></span> <span class='ocrx_word' id='word_1_87' title='bbox 784 1044 820 1073; x_wconf 84' lang='lat' dir='ltr'><strong>c.</strong></span> <span class='ocrx_word' id='word_1_88' title='bbox 844 1037 918 1081; x_wconf 86' lang='lat'><strong>18,</strong></span> <span class='ocrx_word' id='word_1_89' title='bbox 959 1036 1000 1072; x_wconf 80' lang='grc'><strong>3.</strong></span> <span class='ocrx_word' id='word_1_90' title='bbox 1038 1043 1080 1082; x_wconf 97' lang='grc' dir='ltr'><strong>Ρ.</strong></span> <span class='ocrx_word' id='word_1_91' title='bbox 1104 1028 1225 1086; x_wconf 80' lang='grc'><strong>94.),</strong></span> <span class='ocrx_word' id='word_1_92' title='bbox 1265 1043 1403 1071; x_wconf 80' lang='lat' dir='ltr'><strong>verum</strong></span> <span class='ocrx_word' id='word_1_93' title='bbox 1439 1029 1625 1071; x_wconf 81' lang='lat' dir='ltr'><strong>favillam</strong></span> 
     </span>
     <span class='ocr_line' id='line_1_13' title="bbox 179 1096 1626 1155; baseline 0.002 -17"><span class='ocrx_word' id='word_1_94' title='bbox 179 1097 298 1139; x_wconf 87' lang='lat' dir='ltr'><strong>etiam</strong></span> <span class='ocrx_word' id='word_1_95' title='bbox 335 1098 507 1140; x_wconf 82' lang='lat' dir='ltr'><strong>scissam</strong></span> <span class='ocrx_word' id='word_1_96' title='bbox 542 1111 634 1140; x_wconf 86' lang='lat' dir='ltr'><strong>esse</strong></span> <span class='ocrx_word' id='word_1_97' title='bbox 673 1097 717 1139; x_wconf 91' lang='lat' dir='ltr'><strong>in</strong></span> <span class='ocrx_word' id='word_1_98' title='bbox 754 1111 829 1139; x_wconf 88' lang='lat' dir='ltr'><strong>ara</strong></span> <span class='ocrx_word' id='word_1_99' title='bbox 857 1097 1058 1139; x_wconf 78' lang='lat' dir='ltr'><strong>residuum</strong></span> <span class='ocrx_word' id='word_1_100' title='bbox 1084 1096 1222 1155; x_wconf 83' lang='lat' dir='ltr'><strong>(ovid.</strong></span> <span class='ocrx_word' id='word_1_101' title='bbox 1255 1098 1381 1140; x_wconf 83' lang='lat' dir='ltr'><strong>Trist.</strong></span> <span class='ocrx_word' id='word_1_102' title='bbox 1408 1097 1455 1140; x_wconf 92' lang='lat' dir='ltr'><strong>V.</strong></span> <span class='ocrx_word' id='word_1_103' title='bbox 1486 1105 1525 1150; x_wconf 87' lang='lat'><strong>5,</strong></span> <span class='ocrx_word' id='word_1_104' title='bbox 1556 1104 1626 1141; x_wconf 83' lang='grc'><strong>33.</strong></span> 
     </span>
     <span class='ocr_line' id='line_1_14' title="bbox 180 1157 1627 1224; baseline 0.001 -17"><span class='ocrx_word' id='word_1_105' title='bbox 180 1179 240 1218; x_wconf 84' lang='lat' dir='ltr'><strong>sq.</strong></span> <span class='ocrx_word' id='word_1_106' title='bbox 280 1167 419 1209; x_wconf 88' lang='lat' dir='ltr'><strong>Senec.</strong></span> <span class='ocrx_word' id='word_1_107' title='bbox 458 1167 599 1221; x_wconf 87' lang='lat' dir='ltr'><strong>Oedip.</strong></span> <span class='ocrx_word' id='word_1_108' title='bbox 640 1157 740 1211; x_wconf 66' lang='grc'><strong>321.</strong></span> <span class='ocrx_word' id='word_1_109' title='bbox 771 1166 874 1224; x_wconf 88' lang='lat' dir='ltr'><strong>sq.).</strong></span> <span class='ocrx_word' id='word_1_110' title='bbox 941 1168 996 1209; x_wconf 87' lang='lat' dir='ltr'><strong>Et</strong></span> <span class='ocrx_word' id='word_1_111' title='bbox 1034 1168 1264 1209; x_wconf 85' lang='lat' dir='ltr'><strong>Pausanias</strong></span> <span class='ocrx_word' id='word_1_112' title='bbox 1307 1169 1461 1221; x_wconf 87' lang='lat' dir='ltr'><strong>quidem</strong></span> <span class='ocrx_word' id='word_1_113' title='bbox 1498 1169 1541 1209; x_wconf 88' lang='lat' dir='ltr'><strong>id</strong></span> <span class='ocrx_word' id='word_1_114' title='bbox 1582 1175 1627 1209; x_wconf 90' lang='lat' dir='ltr'><strong>ut</strong></span> 
     </span>
     <span class='ocr_line' id='line_1_15' title="bbox 178 1234 1626 1289; baseline 0.001 -14"><span class='ocrx_word' id='word_1_115' title='bbox 178 1235 352 1276; x_wconf 83' lang='lat' dir='ltr'><strong>crederet</strong></span> <span class='ocrx_word' id='word_1_116' title='bbox 389 1236 584 1277; x_wconf 88' lang='lat' dir='ltr'><strong>adductus</strong></span> <span class='ocrx_word' id='word_1_117' title='bbox 622 1242 686 1277; x_wconf 87' lang='lat' dir='ltr'><strong>est</strong></span> <span class='ocrx_word' id='word_1_118' title='bbox 713 1234 975 1278; x_wconf 80' lang='lat' dir='ltr'><strong>similitudine</strong></span> <span class='ocrx_word' id='word_1_119' title='bbox 1005 1235 1091 1276; x_wconf 90' lang='lat' dir='ltr'><strong>eius</strong></span> <span class='ocrx_word' id='word_1_120' title='bbox 1122 1234 1330 1287; x_wconf 81' lang='lat' dir='ltr'><strong>miraculi,</strong></span> <span class='ocrx_word' id='word_1_121' title='bbox 1372 1237 1476 1288; x_wconf 89' lang='lat' dir='ltr'><strong>qnod</strong></span> <span class='ocrx_word' id='word_1_122' title='bbox 1503 1248 1626 1289; x_wconf 88' lang='lat' dir='ltr'><strong>prae-</strong></span> 
     </span>
     <span class='ocr_line' id='line_1_16' title="bbox 179 1304 1627 1360; baseline 0.002 -15"><span class='ocrx_word' id='word_1_123' title='bbox 179 1316 274 1346; x_wconf 88' lang='lat' dir='ltr'><strong>sens</strong></span> <span class='ocrx_word' id='word_1_124' title='bbox 310 1305 505 1358; x_wconf 84' lang='lat' dir='ltr'><strong>spectavit</strong></span> <span class='ocrx_word' id='word_1_125' title='bbox 534 1305 576 1346; x_wconf 92' lang='lat' dir='ltr'><strong>in</strong></span> <span class='ocrx_word' id='word_1_126' title='bbox 609 1304 770 1360; x_wconf 84' lang='lat' dir='ltr'><strong>Mysiae</strong></span> <span class='ocrx_word' id='word_1_127' title='bbox 809 1306 954 1358; x_wconf 88' lang='lat' dir='ltr'><strong>oppido</strong></span> <span class='ocrx_word' id='word_1_128' title='bbox 993 1305 1170 1358; x_wconf 84' lang='lat' dir='ltr'><strong>Pioniis,</strong></span> <span class='ocrx_word' id='word_1_129' title='bbox 1207 1306 1277 1348; x_wconf 88' lang='lat' dir='ltr'><strong>ubi</strong></span> <span class='ocrx_word' id='word_1_130' title='bbox 1312 1320 1431 1358; x_wconf 85' lang='lat' dir='ltr'><strong>quum</strong></span> <span class='ocrx_word' id='word_1_131' title='bbox 1466 1306 1627 1348; x_wconf 83' lang='lat' dir='ltr'><strong>Pionidi</strong></span> 
     </span>
     <span class='ocr_line' id='line_1_17' title="bbox 179 1371 1624 1426; baseline 0.003 -15"><span class='ocrx_word' id='word_1_132' title='bbox 179 1371 355 1413; x_wconf 83' lang='lat' dir='ltr'><strong>civitatis</strong></span> <span class='ocrx_word' id='word_1_133' title='bbox 394 1372 588 1414; x_wconf 83' lang='lat' dir='ltr'><strong>conditori</strong></span> <span class='ocrx_word' id='word_1_134' title='bbox 622 1372 794 1414; x_wconf 88' lang='lat' dir='ltr'><strong>inferiae</strong></span> <span class='ocrx_word' id='word_1_135' title='bbox 835 1373 1106 1425; x_wconf 83' lang='lat' dir='ltr'><strong>mitterentur,</strong></span> <span class='ocrx_word' id='word_1_136' title='bbox 1155 1387 1206 1414; x_wconf 85' lang='lat' dir='ltr'><strong>ex</strong></span> <span class='ocrx_word' id='word_1_137' title='bbox 1255 1374 1439 1426; x_wconf 85' lang='lat' dir='ltr'><strong>sepulcro</strong></span> <span class='ocrx_word' id='word_1_138' title='bbox 1489 1373 1624 1415; x_wconf 83' lang='lat' dir='ltr'><strong>fumus</strong></span> 
     </span>
     <span class='ocr_line' id='line_1_18' title="bbox 178 1440 1627 1492; baseline 0.001 -12"><span class='ocrx_word' id='word_1_139' title='bbox 178 1446 320 1492; x_wconf 88' lang='lat' dir='ltr'><strong>sponte</strong></span> <span class='ocrx_word' id='word_1_140' title='bbox 346 1443 589 1486; x_wconf 86' lang='lat' dir='ltr'><strong>escenderet.</strong></span> <span class='ocrx_word' id='word_1_141' title='bbox 646 1440 734 1481; x_wconf 89' lang='lat' dir='ltr'><strong>Res</strong></span> <span class='ocrx_word' id='word_1_142' title='bbox 773 1447 835 1481; x_wconf 90' lang='lat' dir='ltr'><strong>est</strong></span> <span class='ocrx_word' id='word_1_143' title='bbox 864 1441 1075 1481; x_wconf 88' lang='lat' dir='ltr'><strong>multorum</strong></span> <span class='ocrx_word' id='word_1_144' title='bbox 1115 1441 1488 1481; x_wconf 86' lang='lat' dir='ltr'><strong>commemoratione</strong></span> <span class='ocrx_word' id='word_1_145' title='bbox 1519 1442 1627 1482; x_wconf 66' lang='lat' dir='ltr'><strong>cele-2</strong></span> 
     </span>
     <span class='ocr_line' id='line_1_19' title="bbox 176 1511 1628 1564; baseline 0.001 -12"><span class='ocrx_word' id='word_1_146' title='bbox 176 1512 314 1563; x_wconf 84' lang='lat' dir='ltr'><strong>brata,</strong></span> <span class='ocrx_word' id='word_1_147' title='bbox 346 1525 444 1564; x_wconf 84' lang='lat' dir='ltr'><strong>quos</strong></span> <span class='ocrx_word' id='word_1_148' title='bbox 474 1512 543 1564; x_wconf 89' lang='lat' dir='ltr'><strong>qui</strong></span> <span class='ocrx_word' id='word_1_149' title='bbox 570 1511 788 1553; x_wconf 84' lang='lat' dir='ltr'><strong>maximam</strong></span> <span class='ocrx_word' id='word_1_150' title='bbox 816 1518 971 1564; x_wconf 87' lang='lat' dir='ltr'><strong>partem</strong></span> <span class='ocrx_word' id='word_1_151' title='bbox 999 1512 1198 1553; x_wconf 85' lang='lat' dir='ltr'><strong>recensuit</strong></span> <span class='ocrx_word' id='word_1_152' title='bbox 1226 1512 1422 1553; x_wconf 86' lang='lat' dir='ltr'><strong>Barthius</strong></span> <span class='ocrx_word' id='word_1_153' title='bbox 1453 1513 1497 1553; x_wconf 91' lang='lat' dir='ltr'><strong>in</strong></span> <span class='ocrx_word' id='word_1_154' title='bbox 1526 1514 1628 1555; x_wconf 86' lang='lat' dir='ltr'><strong>Stat.</strong></span> 
     </span>
     <span class='ocr_line' id='line_1_20' title="bbox 179 1567 1627 1631; baseline 0.003 -13"><span class='ocrx_word' id='word_1_155' title='bbox 179 1577 313 1622; x_wconf 66' lang='lat' dir='ltr'><strong>Theb.</strong></span> <span class='ocrx_word' id='word_1_156' title='bbox 333 1579 420 1621; x_wconf 77' lang='grc' dir='ltr'><strong>ΧΠ.</strong></span> <span class='ocrx_word' id='word_1_157' title='bbox 451 1585 550 1622; x_wconf 87' lang='lat'><strong>431.</strong></span> <span class='ocrx_word' id='word_1_158' title='bbox 582 1579 636 1622; x_wconf 85' lang='lat' dir='ltr'><strong>T.</strong></span> <span class='ocrx_word' id='word_1_159' title='bbox 658 1578 732 1620; x_wconf 90' lang='lat'><strong>111.</strong></span> <span class='ocrx_word' id='word_1_160' title='bbox 761 1592 802 1631; x_wconf 82' lang='lat' dir='ltr'><strong>p.</strong></span> <span class='ocrx_word' id='word_1_161' title='bbox 820 1584 941 1622; x_wconf 82' lang='lat'><strong>1492.</strong></span> <span class='ocrx_word' id='word_1_162' title='bbox 967 1578 1080 1619; x_wconf 71' lang='lat' dir='ltr'><strong>nuno</strong></span> <span class='ocrx_word' id='word_1_163' title='bbox 1105 1578 1150 1620; x_wconf 71' lang='lat' dir='ltr'><strong>id</strong></span> <span class='ocrx_word' id='word_1_164' title='bbox 1174 1578 1270 1620; x_wconf 74' lang='lat' dir='ltr'><strong>fecit</strong></span> <span class='ocrx_word' id='word_1_165' title='bbox 1297 1579 1433 1620; x_wconf 73' lang='lat' dir='ltr'><strong>habito</strong></span> <span class='ocrx_word' id='word_1_166' title='bbox 1460 1567 1627 1622; x_wconf 45' lang='lat' dir='ltr'><strong>deiectu.</strong></span> 
     </span>
     <span class='ocr_line' id='line_1_21' title="bbox 176 1645 1626 1698; baseline 0.001 -12"><span class='ocrx_word' id='word_1_167' title='bbox 176 1645 340 1687; x_wconf 87' lang='lat' dir='ltr'><strong>Etenim</strong></span> <span class='ocrx_word' id='word_1_168' title='bbox 364 1646 516 1687; x_wconf 84' lang='lat' dir='ltr'><strong>Statius</strong></span> <span class='ocrx_word' id='word_1_169' title='bbox 550 1646 579 1688; x_wconf 97' lang='lat' dir='ltr'><strong>l.</strong></span> <span class='ocrx_word' id='word_1_170' title='bbox 610 1660 667 1698; x_wconf 85' lang='lat' dir='ltr'><strong>c.,</strong></span> <span class='ocrx_word' id='word_1_171' title='bbox 707 1646 899 1687; x_wconf 88' lang='lat' dir='ltr'><strong>Lucanus</strong></span> <span class='ocrx_word' id='word_1_172' title='bbox 938 1645 970 1688; x_wconf 92' lang='grc' dir='ltr'><strong>Ι.</strong></span> <span class='ocrx_word' id='word_1_173' title='bbox 1012 1652 1132 1697; x_wconf 84' lang='grc'><strong>551.,</strong></span> <span class='ocrx_word' id='word_1_174' title='bbox 1175 1645 1403 1698; x_wconf 79' lang='lat' dir='ltr'><strong>Cyprianus</strong></span> <span class='ocrx_word' id='word_1_175' title='bbox 1442 1648 1489 1686; x_wconf 92' lang='lat' dir='ltr'><strong>de</strong></span> <span class='ocrx_word' id='word_1_176' title='bbox 1525 1646 1626 1690; x_wconf 87' lang='lat' dir='ltr'><strong>Idol.</strong></span> 
     </span>
     <span class='ocr_line' id='line_1_22' title="bbox 177 1716 1627 1771; baseline 0.001 -13"><span class='ocrx_word' id='word_1_177' title='bbox 177 1717 312 1760; x_wconf 82' lang='lat' dir='ltr'><strong>Vanit.</strong></span> <span class='ocrx_word' id='word_1_178' title='bbox 352 1731 389 1771; x_wconf 88' lang='grc' dir='ltr'><strong>Ρ.</strong></span> <span class='ocrx_word' id='word_1_179' title='bbox 410 1724 508 1762; x_wconf 85' lang='grc'><strong>397.</strong></span> <span class='ocrx_word' id='word_1_180' title='bbox 546 1718 671 1760; x_wconf 86' lang='lat' dir='ltr'><strong>Gron.</strong></span> <span class='ocrx_word' id='word_1_181' title='bbox 711 1718 787 1758; x_wconf 83' lang='lat' dir='ltr'><strong>hoc</strong></span> <span class='ocrx_word' id='word_1_182' title='bbox 821 1717 1069 1758; x_wconf 87' lang='lat' dir='ltr'><strong>flammarum</strong></span> <span class='ocrx_word' id='word_1_183' title='bbox 1108 1716 1318 1756; x_wconf 87' lang='lat' dir='ltr'><strong>dissidium</strong></span> <span class='ocrx_word' id='word_1_184' title='bbox 1359 1724 1467 1770; x_wconf 86' lang='lat' dir='ltr'><strong>tum,</strong></span> <span class='ocrx_word' id='word_1_185' title='bbox 1507 1732 1627 1771; x_wconf 87' lang='lat' dir='ltr'><strong>quum</strong></span> 
     </span>
     <span class='ocr_line' id='line_1_23' title="bbox 175 1785 1626 1841; baseline 0.001 -13"><span class='ocrx_word' id='word_1_186' title='bbox 175 1787 378 1840; x_wconf 81' lang='lat' dir='ltr'><strong>Antigona</strong></span> <span class='ocrx_word' id='word_1_187' title='bbox 404 1787 610 1841; x_wconf 88' lang='lat' dir='ltr'><strong>Polynicis</strong></span> <span class='ocrx_word' id='word_1_188' title='bbox 642 1788 813 1827; x_wconf 85' lang='lat' dir='ltr'><strong>cadaver</strong></span> <span class='ocrx_word' id='word_1_189' title='bbox 835 1786 880 1829; x_wconf 18' lang='lat' dir='ltr'><strong>*in</strong></span> <span class='ocrx_word' id='word_1_190' title='bbox 908 1785 1088 1826; x_wconf 89' lang='lat' dir='ltr'><strong>Eteoclis</strong></span> <span class='ocrx_word' id='word_1_191' title='bbox 1118 1799 1261 1838; x_wconf 83' lang='lat' dir='ltr'><strong>rogum</strong></span> <span class='ocrx_word' id='word_1_192' title='bbox 1288 1793 1532 1839; x_wconf 72' lang='lat' dir='ltr'><strong>portasset,</strong></span> <span class='ocrx_word' id='word_1_193' title='bbox 1552 1801 1626 1829; x_wconf 86' lang='lat' dir='ltr'><strong>ac-</strong></span> 
     </span>
     <span class='ocr_line' id='line_1_24' title="bbox 178 1853 1626 1910; baseline 0.001 -16"><span class='ocrx_word' id='word_1_194' title='bbox 178 1854 326 1895; x_wconf 88' lang='lat' dir='ltr'><strong>cidisse</strong></span> <span class='ocrx_word' id='word_1_195' title='bbox 354 1856 546 1907; x_wconf 87' lang='lat' dir='ltr'><strong>prodnnt,</strong></span> <span class='ocrx_word' id='word_1_196' title='bbox 588 1855 658 1894; x_wconf 90' lang='lat' dir='ltr'><strong>sed</strong></span> <span class='ocrx_word' id='word_1_197' title='bbox 688 1860 794 1905; x_wconf 88' lang='lat' dir='ltr'><strong>tum,</strong></span> <span class='ocrx_word' id='word_1_198' title='bbox 825 1864 956 1906; x_wconf 66' lang='lat' dir='ltr'><strong>quum³</strong></span> <span class='ocrx_word' id='word_1_199' title='bbox 972 1853 1023 1893; x_wconf 89' lang='lat' dir='ltr'><strong>iis</strong></span> <span class='ocrx_word' id='word_1_200' title='bbox 1052 1859 1353 1906; x_wconf 85' lang='lat' dir='ltr'><strong>parentaretur,</strong></span> <span class='ocrx_word' id='word_1_201' title='bbox 1381 1853 1626 1910; x_wconf 85' lang='lat' dir='ltr'><strong>Pausanias,</strong></span> 
     </span>
     <span class='ocr_line' id='line_1_25' title="bbox 180 1921 1626 1976; baseline 0.002 -13"><span class='ocrx_word' id='word_1_202' title='bbox 180 1924 372 1974; x_wconf 87' lang='lat' dir='ltr'><strong>Ovidius,</strong></span> <span class='ocrx_word' id='word_1_203' title='bbox 410 1924 585 1974; x_wconf 86' lang='lat' dir='ltr'><strong>Seneca,</strong></span> <span class='ocrx_word' id='word_1_204' title='bbox 623 1923 775 1963; x_wconf 87' lang='lat' dir='ltr'><strong>Bianor</strong></span> <span class='ocrx_word' id='word_1_205' title='bbox 802 1921 966 1963; x_wconf 87' lang='lat' dir='ltr'><strong>Anthol.</strong></span> <span class='ocrx_word' id='word_1_206' title='bbox 1003 1922 1092 1963; x_wconf 92' lang='lat' dir='ltr'><strong>Pal.</strong></span> <span class='ocrx_word' id='word_1_207' title='bbox 1118 1922 1207 1964; x_wconf 82' lang='lat' dir='ltr'><strong>Vll.</strong></span> <span class='ocrx_word' id='word_1_208' title='bbox 1240 1930 1338 1965; x_wconf 77' lang='lat'><strong>396.</strong></span> <span class='ocrx_word' id='word_1_209' title='bbox 1393 1924 1626 1976; x_wconf 83' lang='lat' dir='ltr'><strong>Antiphilus</strong></span> 
     </span>
     <span class='ocr_line' id='line_1_26' title="bbox 177 1989 1625 2045; baseline 0.004 -16"><span class='ocrx_word' id='word_1_210' title='bbox 177 1990 275 2032; x_wconf 85' lang='lat' dir='ltr'><strong>ibid.</strong></span> <span class='ocrx_word' id='word_1_211' title='bbox 306 1997 416 2042; x_wconf 64' lang='lat'>399„</span> <span class='ocrx_word' id='word_1_212' title='bbox 447 1996 585 2031; x_wconf 86' lang='lat' dir='ltr'><strong>auctor</strong></span> <span class='ocrx_word' id='word_1_213' title='bbox 605 1990 756 2032; x_wconf 86' lang='lat' dir='ltr'><strong>Aetnae</strong></span> <span class='ocrx_word' id='word_1_214' title='bbox 784 2003 825 2044; x_wconf 90' lang='grc' dir='ltr'><strong>Ρ.</strong></span> <span class='ocrx_word' id='word_1_215' title='bbox 847 1996 917 2034; x_wconf 83' lang='grc'><strong>49.</strong></span> <span class='ocrx_word' id='word_1_216' title='bbox 944 1989 1070 2041; x_wconf 64' lang='lat' dir='ltr'><strong>Scal„</strong></span> <span class='ocrx_word' id='word_1_217' title='bbox 1099 1990 1287 2045; x_wconf 76' lang='lat' dir='ltr'><strong>Hyginus</strong></span> <span class='ocrx_word' id='word_1_218' title='bbox 1313 1991 1425 2034; x_wconf 68' lang='lat' dir='ltr'><strong>Fan.</strong></span> <span class='ocrx_word' id='word_1_219' title='bbox 1441 1992 1625 2036; x_wconf 81' lang='lat' dir='ltr'><strong>LXVIII.</strong></span> 
     </span>
     <span class='ocr_line' id='line_1_27' title="bbox 178 2058 1626 2113; baseline 0.003 -12"><span class='ocrx_word' id='word_1_220' title='bbox 178 2072 219 2112; x_wconf 89' lang='grc' dir='ltr'><strong>Ρ.</strong></span> <span class='ocrx_word' id='word_1_221' title='bbox 246 2066 339 2102; x_wconf 85' lang='grc'><strong>118.</strong></span> <span class='ocrx_word' id='word_1_222' title='bbox 369 2066 407 2100; x_wconf 93' lang='lat' dir='ltr'><strong>et</strong></span> <span class='ocrx_word' id='word_1_223' title='bbox 435 2059 584 2101; x_wconf 85' lang='lat' dir='ltr'><strong>LXXI.</strong></span> <span class='ocrx_word' id='word_1_224' title='bbox 614 2073 654 2112; x_wconf 86' lang='lat' dir='ltr'><strong>p.</strong></span> <span class='ocrx_word' id='word_1_225' title='bbox 679 2065 797 2112; x_wconf 83' lang='lat'><strong>123.,</strong></span> <span class='ocrx_word' id='word_1_226' title='bbox 838 2059 1043 2105; x_wconf 79' lang='lat' dir='ltr'><strong>Ausonius</strong></span> <span class='ocrx_word' id='word_1_227' title='bbox 1077 2058 1223 2112; x_wconf 78' lang='lat' dir='ltr'><strong>Epigr.</strong></span> <span class='ocrx_word' id='word_1_228' title='bbox 1262 2060 1469 2113; x_wconf 63' lang='lat' dir='ltr'>CXXXI„</span> <span class='ocrx_word' id='word_1_229' title='bbox 1511 2062 1626 2105; x_wconf 72' lang='lat' dir='ltr'><strong>cuius</strong></span> 
     </span>
     <span class='ocr_line' id='line_1_28' title="bbox 179 2127 1626 2180; baseline 0.003 -13"><span class='ocrx_word' id='word_1_230' title='bbox 179 2134 388 2168; x_wconf 85' lang='lat' dir='ltr'><strong>enarrator</strong></span> <span class='ocrx_word' id='word_1_231' title='bbox 422 2127 589 2169; x_wconf 88' lang='lat' dir='ltr'><strong>Vinetns</strong></span> <span class='ocrx_word' id='word_1_232' title='bbox 630 2141 671 2180; x_wconf 89' lang='grc' dir='ltr'><strong>Ρ.</strong></span> <span class='ocrx_word' id='word_1_233' title='bbox 692 2133 790 2170; x_wconf 89' lang='grc'><strong>241.</strong></span> <span class='ocrx_word' id='word_1_234' title='bbox 831 2134 1038 2178; x_wconf 83' lang='lat' dir='ltr'><strong>utramque</strong></span> <span class='ocrx_word' id='word_1_235' title='bbox 1079 2128 1309 2179; x_wconf 84' lang='lat' dir='ltr'><strong>permiscuit</strong></span> <span class='ocrx_word' id='word_1_236' title='bbox 1342 2129 1626 2172; x_wconf 72' lang='lat' dir='ltr'><strong>narrationem.</strong></span> 
     </span>
     <span class='ocr_line' id='line_1_29' title="bbox 177 2197 1628 2252; baseline 0.002 -14"><span class='ocrx_word' id='word_1_237' title='bbox 177 2197 341 2239; x_wconf 83' lang='lat' dir='ltr'><strong>Rursus</strong></span> <span class='ocrx_word' id='word_1_238' title='bbox 366 2197 409 2238; x_wconf 92' lang='lat' dir='ltr'><strong>in</strong></span> <span class='ocrx_word' id='word_1_239' title='bbox 440 2211 486 2239; x_wconf 91' lang='lat' dir='ltr'><strong>eo</strong></span> <span class='ocrx_word' id='word_1_240' title='bbox 518 2210 544 2250; x_wconf 77' lang='lat' dir='ltr'><strong>a</strong></span> <span class='ocrx_word' id='word_1_241' title='bbox 569 2197 779 2239; x_wconf 87' lang='lat' dir='ltr'><strong>Pausania</strong></span> <span class='ocrx_word' id='word_1_242' title='bbox 809 2197 1036 2250; x_wconf 83' lang='lat' dir='ltr'><strong>discrepant</strong></span> <span class='ocrx_word' id='word_1_243' title='bbox 1062 2197 1233 2250; x_wconf 90' lang='lat' dir='ltr'><strong>Bianor,</strong></span> <span class='ocrx_word' id='word_1_244' title='bbox 1261 2198 1510 2252; x_wconf 78' lang='lat' dir='ltr'><strong>Antiphilus,</strong></span> <span class='ocrx_word' id='word_1_245' title='bbox 1541 2199 1628 2241; x_wconf 88' lang='lat' dir='ltr'><strong>Au-</strong></span> 
     </span>
     <span class='ocr_line' id='line_1_30' title="bbox 179 2266 1629 2321; baseline 0.003 -14"><span class='ocrx_word' id='word_1_246' title='bbox 179 2266 341 2320; x_wconf 87' lang='lat' dir='ltr'><strong>sonius,</strong></span> <span class='ocrx_word' id='word_1_247' title='bbox 384 2269 489 2320; x_wconf 90' lang='lat' dir='ltr'><strong>quod</strong></span> <span class='ocrx_word' id='word_1_248' title='bbox 533 2280 658 2308; x_wconf 89' lang='lat' dir='ltr'><strong>unum</strong></span> <span class='ocrx_word' id='word_1_249' title='bbox 703 2267 835 2308; x_wconf 89' lang='lat' dir='ltr'><strong>solnm</strong></span> <span class='ocrx_word' id='word_1_250' title='bbox 879 2266 1072 2308; x_wconf 84' lang='lat' dir='ltr'><strong>tumulum</strong></span> <span class='ocrx_word' id='word_1_251' title='bbox 1115 2268 1345 2321; x_wconf 85' lang='lat' dir='ltr'><strong>loquuntur.</strong></span> <span class='ocrx_word' id='word_1_252' title='bbox 1414 2268 1629 2312; x_wconf 75' lang='lat' dir='ltr'><strong>Contraria</strong></span> 
     </span>
     <span class='ocr_line' id='line_1_31' title="bbox 175 2325 1626 2392; baseline 0.001 -15"><span class='ocrx_word' id='word_1_253' title='bbox 175 2338 292 2377; x_wconf 89' lang='lat' dir='ltr'><strong>modo</strong></span> <span class='ocrx_word' id='word_1_254' title='bbox 331 2335 480 2377; x_wconf 86' lang='lat' dir='ltr'><strong>factum</strong></span> <span class='ocrx_word' id='word_1_255' title='bbox 517 2344 602 2390; x_wconf 35' lang='lat' dir='ltr'><strong>est»,</strong></span> <span class='ocrx_word' id='word_1_256' title='bbox 640 2344 685 2378; x_wconf 90' lang='lat' dir='ltr'><strong>ut</strong></span> <span class='ocrx_word' id='word_1_257' title='bbox 722 2337 791 2390; x_wconf 88' lang='lat' dir='ltr'><strong>qui</strong></span> <span class='ocrx_word' id='word_1_258' title='bbox 831 2347 857 2376; x_wconf 87' lang='lat' dir='ltr'><strong>a</strong></span> <span class='ocrx_word' id='word_1_259' title='bbox 887 2336 1009 2377; x_wconf 88' lang='lat' dir='ltr'><strong>Statii</strong></span> <span class='ocrx_word' id='word_1_260' title='bbox 1047 2337 1230 2389; x_wconf 87' lang='lat' dir='ltr'><strong>partibus</strong></span> <span class='ocrx_word' id='word_1_261' title='bbox 1277 2343 1358 2379; x_wconf 85' lang='lat' dir='ltr'><strong>stat</strong></span> <span class='ocrx_word' id='word_1_262' title='bbox 1398 2325 1626 2392; x_wconf 75' lang='lat' dir='ltr'><strong>Cyprianus</strong></span> 
     </span>
     <span class='ocr_line' id='line_1_32' title="bbox 175 2402 1627 2457; baseline 0.001 -12"><span class='ocrx_word' id='word_1_263' title='bbox 175 2416 365 2457; x_wconf 85' lang='lat' dir='ltr'><strong>rogorum</strong></span> <span class='ocrx_word' id='word_1_264' title='bbox 387 2405 626 2446; x_wconf 89' lang='lat' dir='ltr'><strong>mentionem</strong></span> <span class='ocrx_word' id='word_1_265' title='bbox 640 2405 863 2447; x_wconf 81' lang='lat' dir='ltr'><strong>inchoaret.</strong></span> <span class='ocrx_word' id='word_1_266' title='bbox 922 2402 1068 2446; x_wconf 83' lang='lat' dir='ltr'><strong>Verum</strong></span> <span class='ocrx_word' id='word_1_267' title='bbox 1096 2404 1174 2446; x_wconf 89' lang='lat' dir='ltr'><strong>hoc</strong></span> <span class='ocrx_word' id='word_1_268' title='bbox 1204 2404 1342 2446; x_wconf 87' lang='lat' dir='ltr'><strong>mirari</strong></span> <span class='ocrx_word' id='word_1_269' title='bbox 1373 2405 1489 2456; x_wconf 83' lang='lat' dir='ltr'><strong>subit,</strong></span> <span class='ocrx_word' id='word_1_270' title='bbox 1521 2405 1627 2457; x_wconf 87' lang='lat' dir='ltr'><strong>quod</strong></span> 
     </span>
     <span class='ocr_line' id='line_1_33' title="bbox 178 2462 1626 2526; baseline 0.001 -14"><span class='ocrx_word' id='word_1_271' title='bbox 178 2477 270 2513; x_wconf 86' lang='lat' dir='ltr'><strong>ante</strong></span> <span class='ocrx_word' id='word_1_272' title='bbox 299 2471 506 2513; x_wconf 84' lang='lat' dir='ltr'><strong>Proetides</strong></span> <span class='ocrx_word' id='word_1_273' title='bbox 548 2473 779 2526; x_wconf 83' lang='lat' dir='ltr'><strong>sepulturae</strong></span> <span class='ocrx_word' id='word_1_274' title='bbox 811 2470 895 2513; x_wconf 88' lang='lat' dir='ltr'><strong>dati</strong></span> <span class='ocrx_word' id='word_1_275' title='bbox 926 2478 1020 2513; x_wconf 88' lang='lat' dir='ltr'><strong>sunt</strong></span> <span class='ocrx_word' id='word_1_276' title='bbox 1050 2471 1215 2524; x_wconf 84' lang='lat' dir='ltr'><strong>fratres,</strong></span> <span class='ocrx_word' id='word_1_277' title='bbox 1257 2486 1357 2525; x_wconf 87' lang='lat' dir='ltr'><strong>quos</strong></span> <span class='ocrx_word' id='word_1_278' title='bbox 1386 2484 1509 2524; x_wconf 80' lang='lat' dir='ltr'><strong>prope</strong></span> <span class='ocrx_word' id='word_1_279' title='bbox 1538 2462 1626 2513; x_wconf 37' lang='lat' dir='ltr'><strong>Ne?-</strong></span> 
     </span>
     <span class='ocr_line' id='line_1_34' title="bbox 174 2538 1626 2593; baseline 0.002 -11"><span class='ocrx_word' id='word_1_280' title='bbox 174 2545 281 2582; x_wconf 78' lang='lat' dir='ltr'><strong>‘istas</strong></span> <span class='ocrx_word' id='word_1_281' title='bbox 321 2538 585 2592; x_wconf 82' lang='lat' dir='ltr'><strong>digladiatos,</strong></span> <span class='ocrx_word' id='word_1_282' title='bbox 622 2549 820 2582; x_wconf 85' lang='lat' dir='ltr'><strong>crematos</strong></span> <span class='ocrx_word' id='word_1_283' title='bbox 841 2540 1013 2583; x_wconf 74' lang='lat' dir='ltr'><strong>scimus.</strong></span> <span class='ocrx_word' id='word_1_284' title='bbox 1041 2540 1123 2583; x_wconf 83' lang='lat' dir='ltr'><strong>vid.</strong></span> <span class='ocrx_word' id='word_1_285' title='bbox 1152 2541 1331 2582; x_wconf 86' lang='lat' dir='ltr'><strong>Pausan.</strong></span> <span class='ocrx_word' id='word_1_286' title='bbox 1359 2546 1475 2582; x_wconf 83' lang='lat' dir='ltr'><strong>c.25.</strong></span> <span class='ocrx_word' id='word_1_287' title='bbox 1505 2546 1547 2584; x_wconf 90' lang='grc'><strong>2.</strong></span> <span class='ocrx_word' id='word_1_288' title='bbox 1580 2554 1626 2593; x_wconf 90' lang='grc' dir='ltr'><strong>Ρ.</strong></span> 
     </span>
     <span class='ocr_line' id='line_1_35' title="bbox 179 2607 1627 2663; baseline -0.002 -10"><span class='ocrx_word' id='word_1_289' title='bbox 179 2616 260 2653; x_wconf 51' lang='grc'><strong>86(</strong></span> <span class='ocrx_word' id='word_1_290' title='bbox 278 2622 340 2662; x_wconf 91' lang='lat' dir='ltr'><strong>sq.</strong></span> <span class='ocrx_word' id='word_1_291' title='bbox 407 2608 560 2659; x_wconf 79' lang='lat' dir='ltr'><strong>Quodsi</strong></span> <span class='ocrx_word' id='word_1_292' title='bbox 597 2612 840 2663; x_wconf 84' lang='lat' dir='ltr'><strong>probaturus</strong></span> <span class='ocrx_word' id='word_1_293' title='bbox 886 2609 1032 2662; x_wconf 88' lang='lat' dir='ltr'><strong>aliquis</strong></span> <span class='ocrx_word' id='word_1_294' title='bbox 1079 2609 1270 2651; x_wconf 82' lang='lat' dir='ltr'><strong>tumulum</strong></span> <span class='ocrx_word' id='word_1_295' title='bbox 1311 2614 1402 2649; x_wconf 87' lang='lat' dir='ltr'><strong>ante</strong></span> <span class='ocrx_word' id='word_1_296' title='bbox 1440 2607 1627 2662; x_wconf 82' lang='lat' dir='ltr'><strong>Nei&#39;stas‚</strong></span> 
     </span>
     <span class='ocr_line' id='line_1_36' title="bbox 176 2676 1628 2731; baseline -0.001 -11"><span class='ocrx_word' id='word_1_297' title='bbox 176 2683 473 2720; x_wconf 88' lang='lat' dir='ltr'><strong>monumentum</strong></span> <span class='ocrx_word' id='word_1_298' title='bbox 502 2683 594 2718; x_wconf 87' lang='lat' dir='ltr'><strong>ante</strong></span> <span class='ocrx_word' id='word_1_299' title='bbox 617 2678 823 2720; x_wconf 84' lang='lat' dir='ltr'><strong>Proetides</strong></span> <span class='ocrx_word' id='word_1_300' title='bbox 852 2677 979 2719; x_wconf 84' lang='lat' dir='ltr'><strong>fuisse</strong></span> <span class='ocrx_word' id='word_1_301' title='bbox 1009 2677 1201 2731; x_wconf 83' lang='lat' dir='ltr'><strong>pugnabit</strong></span> <span class='ocrx_word' id='word_1_302' title='bbox 1228 2676 1338 2718; x_wconf 86' lang='lat' dir='ltr'><strong>aliud</strong></span> <span class='ocrx_word' id='word_1_303' title='bbox 1366 2676 1527 2718; x_wconf 89' lang='lat' dir='ltr'><strong>omniuo</strong></span> <span class='ocrx_word' id='word_1_304' title='bbox 1558 2692 1628 2719; x_wconf 87' lang='lat' dir='ltr'><strong>es-</strong></span> 
     </span>
     <span class='ocr_line' id='line_1_37' title="bbox 179 2745 1628 2807; baseline -0.001 -18"><span class='ocrx_word' id='word_1_305' title='bbox 179 2761 222 2789; x_wconf 89' lang='lat' dir='ltr'><strong>se</strong></span> <span class='ocrx_word' id='word_1_306' title='bbox 259 2751 422 2807; x_wconf 77' lang='grc' dir='ltr'><strong>μνῆμα,</strong></span> <span class='ocrx_word' id='word_1_307' title='bbox 468 2746 576 2788; x_wconf 88' lang='lat' dir='ltr'><strong>alind</strong></span> <span class='ocrx_word' id='word_1_308' title='bbox 613 2745 765 2803; x_wconf 78' lang='grc' dir='ltr'><strong>τάφον,</strong></span> <span class='ocrx_word' id='word_1_309' title='bbox 810 2749 1072 2789; x_wconf 86' lang='lat' dir='ltr'><strong>adversantes</strong></span> <span class='ocrx_word' id='word_1_310' title='bbox 1116 2746 1343 2799; x_wconf 86' lang='lat' dir='ltr'><strong>experietur</strong></span> <span class='ocrx_word' id='word_1_311' title='bbox 1379 2745 1628 2789; x_wconf 87' lang='lat' dir='ltr'><strong>Pausaniam</strong></span> 
     </span>
     <span class='ocr_line' id='line_1_38' title="bbox 175 2814 1627 2870; baseline -0.002 -12"><span class='ocrx_word' id='word_1_312' title='bbox 175 2829 216 2869; x_wconf 89' lang='grc' dir='ltr'><strong>Ρ.</strong></span> <span class='ocrx_word' id='word_1_313' title='bbox 244 2821 313 2858; x_wconf 83' lang='grc'><strong>64.</strong></span> <span class='ocrx_word' id='word_1_314' title='bbox 344 2822 383 2857; x_wconf 85' lang='lat' dir='ltr'><strong>et</strong></span> <span class='ocrx_word' id='word_1_315' title='bbox 412 2814 665 2860; x_wconf 88' lang='lat' dir='ltr'><strong>Siebelisium</strong></span> <span class='ocrx_word' id='word_1_316' title='bbox 694 2823 908 2870; x_wconf 85' lang='lat' dir='ltr'><strong>negantem</strong></span> <span class='ocrx_word' id='word_1_317' title='bbox 937 2817 1013 2857; x_wconf 89' lang='lat' dir='ltr'><strong>duo</strong></span> <span class='ocrx_word' id='word_1_318' title='bbox 1044 2815 1144 2857; x_wconf 86' lang='lat' dir='ltr'><strong>haec</strong></span> <span class='ocrx_word' id='word_1_319' title='bbox 1180 2814 1382 2858; x_wconf 84' lang='lat' dir='ltr'><strong>vocabula</strong></span> <span class='ocrx_word' id='word_1_320' title='bbox 1411 2828 1438 2857; x_wconf 89' lang='lat' dir='ltr'><strong>a</strong></span> <span class='ocrx_word' id='word_1_321' title='bbox 1467 2815 1627 2857; x_wconf 87' lang='lat' dir='ltr'><strong>Pausa-</strong></span> 
     </span>
     <span class='ocr_line' id='line_1_39' title="bbox 175 2881 1628 2940; baseline -0.002 -16"><span class='ocrx_word' id='word_1_322' title='bbox 175 2884 255 2926; x_wconf 86' lang='lat' dir='ltr'><strong>nia·</strong></span> <span class='ocrx_word' id='word_1_323' title='bbox 293 2884 413 2937; x_wconf 84' lang='lat' dir='ltr'><strong>plane</strong></span> <span class='ocrx_word' id='word_1_324' title='bbox 457 2884 613 2937; x_wconf 83' lang='lat' dir='ltr'><strong>seiungi</strong></span> <span class='ocrx_word' id='word_1_325' title='bbox 652 2884 825 2940; x_wconf 87' lang='lat' dir='ltr'><strong>(adnott.</strong></span> <span class='ocrx_word' id='word_1_326' title='bbox 856 2887 909 2927; x_wconf 86' lang='lat' dir='ltr'><strong>ad</strong></span> <span class='ocrx_word' id='word_1_327' title='bbox 936 2883 1026 2927; x_wconf 85' lang='lat' dir='ltr'><strong>Vn.</strong></span> <span class='ocrx_word' id='word_1_328' title='bbox 1066 2890 1144 2935; x_wconf 89' lang='grc'><strong>22,</strong></span> <span class='ocrx_word' id='word_1_329' title='bbox 1180 2892 1222 2926; x_wconf 92' lang='grc'><strong>4.</strong></span> <span class='ocrx_word' id='word_1_330' title='bbox 1255 2890 1333 2936; x_wconf 86' lang='grc'><strong>25,</strong></span> <span class='ocrx_word' id='word_1_331' title='bbox 1364 2890 1404 2927; x_wconf 92' lang='grc'><strong>7.</strong></span> <span class='ocrx_word' id='word_1_332' title='bbox 1442 2883 1534 2925; x_wconf 86' lang='lat' dir='ltr'><strong>Vol.</strong></span> <span class='ocrx_word' id='word_1_333' title='bbox 1554 2881 1628 2926; x_wconf 87' lang='lat'><strong>111</strong></span> 
     </span>
     <span class='ocr_line' id='line_1_40' title="bbox 177 2947 1630 3012; baseline -0.003 -15"><span class='ocrx_word' id='word_1_334' title='bbox 177 2966 219 3006; x_wconf 88' lang='grc' dir='ltr'><strong>Ρ.</strong></span> <span class='ocrx_word' id='word_1_335' title='bbox 241 2953 491 3012; x_wconf 83' lang='lat'><strong>174.191..)</strong></span> <span class='ocrx_word' id='word_1_336' title='bbox 536 2949 777 3008; x_wconf 77' lang='lat' dir='ltr'><strong>Quanquam</strong></span> <span class='ocrx_word' id='word_1_337' title='bbox 805 2954 998 2997; x_wconf 88' lang='lat' dir='ltr'><strong>Philostr.</strong></span> <span class='ocrx_word' id='word_1_338' title='bbox 1021 2953 1178 3008; x_wconf 82' lang='lat' dir='ltr'><strong>Imagg.</strong></span> <span class='ocrx_word' id='word_1_339' title='bbox 1208 2953 1261 2997; x_wconf 91' lang='lat'><strong>11.</strong></span> <span class='ocrx_word' id='word_1_340' title='bbox 1282 2960 1350 2998; x_wconf 89' lang='lat'><strong>29.</strong></span> <span class='ocrx_word' id='word_1_341' title='bbox 1396 2947 1630 3007; x_wconf 75' lang='lat' dir='ltr'><strong>Polynicen</strong></span> 
     </span>
    </p>
   </div>
  </div>
 </body>
</html>
