1824 3347
170 733 417 834 Quoniam
457 775 572 817 quem
609 765 661 805 ad
700 761 1007 816 Amplissimum
1043 760 1389 815 Philosophorum
1428 759 1617 803 Ordinem

169 834 388 887 perscripsi
427 834 716 874 Thebanarum
747 846 879 873 rerum
913 832 1059 873 librum
1091 832 1264 885 primum
1298 831 1391 872 cum
1426 832 1617 885 temporis

171 911 209 943 et
239 902 320 943 loci
349 901 551 955 angustiis
583 908 665 942 tum
693 902 785 954 ipsa
814 901 937 941 huius
978 900 1225 954 quaestionis
1257 900 1484 942 conditione
1513 901 1618 943 veti-

170 977 236 1012 tus
266 985 355 1012 sum
394 971 603 1022 divulgare
643 976 890 1010 contractum
926 975 965 1010 et
1001 969 1044 1009 in
1074 969 1333 1021 angustiores
1359 969 1462 1011 fines
1493 973 1619 1011 dedu-

171 1044 301 1091 ctum,
338 1052 466 1092 neque
506 1037 704 1090 integrum
740 1036 816 1078 fuit
854 1037 963 1077 iusta
1006 1036 1126 1078 unius
1164 1037 1309 1090 capitis
1347 1038 1619 1091 explicatione

169 1107 361 1148 redimere
397 1106 642 1159 reliquorum
680 1105 959 1155 omissionem:
995 1105 1128 1146 visum
1165 1112 1227 1146 est
1265 1105 1323 1146 uti
1358 1106 1618 1149 miscellaneo

170 1178 343 1230 quodam
372 1176 659 1217 commentandi
687 1188 832 1229 genere
863 1182 900 1216 et
927 1188 1047 1233 quum
1075 1176 1289 1216 universae
1319 1176 1431 1217 urbis
1454 1177 1624 1219 Theba-

168 1257 259 1284 rum
288 1245 500 1298 descriptio
536 1245 707 1298 quinque
738 1244 935 1298 capitibus
967 1244 1217 1285 contineatur
1245 1258 1266 1285 e
1296 1246 1474 1298 duobus,
1520 1260 1623 1299 quae

170 1318 263 1353 sunt
292 1314 339 1353 de
366 1313 495 1365 portis
527 1325 576 1353 ac
605 1312 874 1353 monumentis
902 1313 1100 1364 rebusque
1129 1312 1401 1364 notabilibus,
1439 1315 1620 1365 particu-

108 1405 111 1408 -
170 1357 237 1419 la!
276 1381 470 1432 quasdam
506 1393 581 1419 nec
620 1379 726 1419 lectu
766 1378 928 1420 omnino
963 1378 1205 1418 iniucundas
1245 1384 1283 1418 et
1326 1392 1399 1430 per
1437 1392 1480 1420 se
1516 1380 1619 1420 satis

170 1459 317 1499 graves
357 1460 520 1499 carpere
556 1451 674 1498 atque
711 1445 902 1487 delibare.
981 1444 1118 1497 ltaque
1156 1458 1263 1484 nunc
1303 1445 1462 1497 quidem
1497 1446 1624 1487 videri

170 1516 390 1569 poterimus
410 1515 641 1557 Pausaniae
670 1515 823 1568 aliquot
851 1516 965 1556 locos
995 1526 1212 1556 enarrasse
1240 1514 1487 1569 diligentius,
1514 1530 1625 1557 com-

170 1583 392 1625 mentarios
419 1589 573 1635 autem,
602 1597 703 1636 quos
730 1583 931 1635 diximus,
960 1582 1116 1635 licebit,
1157 1589 1200 1623 ut
1230 1597 1461 1636 speramus,
1490 1586 1623 1627 incre-

170 1650 293 1691 menti
315 1649 514 1691 uberioris
543 1649 777 1690 accessione
798 1648 1010 1702 insigniter
1028 1655 1200 1690 novatos
1231 1651 1345 1690 edere
1376 1653 1621 1703 propediem.

306 1716 432 1760 Urbis
464 1718 697 1760 Thebarum
726 1731 847 1770 quum
875 1731 949 1759 sex
975 1725 1116 1771 portae
1146 1726 1281 1760 essent
1309 1745 1365 1752 —
1389 1734 1483 1763 nam
1510 1721 1623 1777 Ogy-

172 1789 252 1842 giis
291 1789 467 1831 Cadmea
500 1790 760 1831 claudebatur
788 1815 865 1842 —‚
905 1789 1086 1831 maxima
1111 1790 1222 1832 fama
1248 1791 1325 1832 fuit
1352 1792 1463 1844 eius,
1505 1807 1624 1846 quam

168 1855 401 1914 Ἠλέκτρας
436 1862 582 1899 vocant
616 1856 736 1909 longe
763 1856 925 1910 plurimi
958 1862 1001 1899 ut
1028 1857 1230 1900 Pindarus
1258 1859 1397 1903 Isthm.
1427 1860 1494 1903 lv.
1528 1868 1624 1905 105.

171 1923 396 1979 Aeschylus
430 1924 539 1977 Sept.
571 1939 606 1968 c.
636 1925 767 1968 Theb.
785 1932 883 1969 419.
915 1926 1063 1969 Blomf.
1089 1928 1308 1980 Euripides
1323 1929 1475 1971 Phoen.
1500 1938 1626 1975 1129.

175 1999 301 2036 1570.
362 1993 505 2046 Suppl.
555 2000 651 2038 653.
721 1995 870 2037 Bacch.
912 2002 1009 2038 736.
1070 1996 1216 2039 Matth.
1254 1997 1528 2050 Apollodorus
1557 2001 1624 2043 111.

174 2070 214 2114 6,
246 2070 287 2104 6.
352 2063 583 2104 Pausanias
619 2064 689 2106 IX.
731 2071 781 2115 8,
822 2071 862 2106 3.
903 2079 944 2116 Ρ.
971 2072 1040 2106 32.
1073 2073 1150 2117 11,
1193 2074 1232 2108 1.
1263 2081 1304 2119 p.
1336 2075 1404 2109 38.
1442 2069 1533 2111 Vol.
1559 2070 1642 2112 1V.¹

174 2131 284 2174 Sieh.
314 2131 540 2173 Antoninus
560 2132 764 2174 Liberalis
792 2148 826 2175 c.
838 2132 1024 2177 XXXIII.
1084 2135 1239 2176 Statius
1261 2137 1392 2179 Theb.
1411 2136 1495 2180 VII.
1513 2144 1625 2191 365.,
1648 2145 1656 2150 ’”

174 2201 337 2254 sequior
366 2201 536 2242 Nonnus
567 2201 796 2258 Ἠλέκτρην
819 2202 992 2257 Dionys,
1023 2203 1071 2245 V.
1102 2219 1142 2257 p.
1177 2211 1271 2255 144,
1304 2213 1343 2248 8.
1381 2213 1420 2246 et
1447 2208 1626 2248 Lactan-

173 2269 252 2321 tius
294 2269 336 2311 in
374 2269 476 2313 Stat.
515 2270 545 2313 l.
574 2285 608 2313 c.
640 2270 676 2311 si
717 2271 808 2323 quis
848 2271 951 2312 forte
992 2273 1153 2314 duxerit
1180 2274 1442 2327 Tiliobrogae
1480 2276 1626 2318 librum

174 2336 318 2391 (obss.
339 2336 434 2378 Var.
455 2337 583 2380 Leett.
614 2352 655 2390 p.
670 2339 788 2396 509.)
817 2340 860 2379 in
888 2341 965 2380 hoc
993 2341 1162 2401 reliquis
1191 2343 1397 2395 potiorem,
1421 2343 1626 2400 Ἠλεκτρί-

177 2404 244 2456 δες
284 2404 521 2447 Scholiasta
547 2406 685 2459 Apoll.
715 2408 849 2450 Rhod.
880 2409 911 2450 Ι.
939 2416 1035 2452 916.
1068 2423 1108 2462 Ρ.
1134 2416 1232 2453 408.
1266 2411 1428 2453 Schaef.
1460 2418 1496 2451 et
1523 2412 1625 2453 Pin-

175 2476 261 2517 dar.
289 2474 427 2516 Isthm.
454 2473 537 2531 IV.
555 2480 650 2519 104.
680 2489 721 2529 Ρ.
748 2484 846 2521 826.
869 2492 929 2531 sq.
957 2478 1111 2533 Heyn.,
1149 2481 1316 2533 denique
1349 2480 1631 2537 Ἠλεκτριάδες

175 2543 411 2585 Scholiasta
439 2544 525 2585 cod.
556 2542 660 2597 Aug.
691 2545 835 2599 Eurip.
857 2547 1012 2590 Phoen.
1036 2554 1161 2591 1129.
1191 2562 1232 2601 p.
1251 2554 1369 2600 240„
1401 2552 1505 2601 quod
1535 2565 1629 2604 per-

175 2622 315 2664 peram
357 2610 548 2663 scriptum
585 2617 644 2652 est
667 2609 970 2669 Ἠλεκτριάδαι
1010 2616 1117 2666 apud
1152 2616 1357 2657 Marxium
1393 2616 1435 2656 in
1473 2618 1629 2671 Ephor.

174 2677 246 2719 Fr.
277 2691 318 2730 Ρ.
347 2685 443 2721 102.
522 2676 598 2719 His
642 2680 846 2722 convictus
891 2687 954 2724 est
992 2681 1216 2735 singularis
1254 2698 1363 2724 error
1401 2684 1631 2740 Muuckeri,

174 2758 258 2787 non
296 2744 516 2798 Electras5
555 2746 626 2788 sed
655 2747 842 2791 Electrae
872 2754 1011 2802 portas
1042 2756 1147 2792 recte
1175 2751 1253 2793 ‹h'ci
1283 2752 1436 2805 opinati
1466 2756 1518 2796 ad
1543 2757 1631 2798 Au-

180 2821 264 2858 ton.
293 2815 386 2858 Lib.
418 2829 459 2868 Ρ.
486 2820 581 2859 144.
614 2816 771 2860 Teuch.
848 2818 910 2859 De
946 2819 1099 2872 origine
1137 2821 1335 2874 nominis,
1375 2829 1418 2863 ut
1453 2823 1535 2865 fere
1575 2825 1630 2878 fit,
