1824 3347
905 318 968 366 17

197 441 305 483 ergo
334 429 452 469 inter
474 428 560 471 -has
587 429 699 471 duas
722 436 877 485 portas
907 427 1134 471 Electram
1161 439 1202 472 et
1219 431 1480 476 Proetidem.
1538 434 1651 488 Ergo

199 501 294 540 dum
322 498 572 541 notissimam
611 500 724 541 illam
762 499 943 552 sequitur
970 496 1253 540 mediocritatis
1293 502 1475 554 regulam
1511 504 1651 545 multis

196 578 282 608 non
308 566 467 619 impune
496 574 721 621 captatam,
749 580 878 621 paene
907 567 1012 609 nihil
1041 566 1193 621 abfuit,
1222 568 1315 620 quin
1342 582 1423 609 rem
1451 583 1524 611 acu
1557 578 1650 612 tan-

121 690 125 695 Δ
201 640 312 687 geret
343 636 589 688 traderetque
618 635 926 689 Amphitryonis
957 637 1117 677 domum
1145 634 1187 675 iu
1220 642 1311 675 arce
1342 635 1480 679 fuisse.
1539 638 1649 679 Sane

201 704 367 743 arduum
404 711 488 745 erat
524 704 730 758 pervidere
766 705 816 745 ab
846 703 1131 758 Amphitryone
1169 702 1351 745 dedicata
1380 717 1469 745 esse
1508 719 1555 747 ea
1591 707 1650 748 si-

201 772 381 816 mulacra
420 775 517 816 deae
561 773 794 826 Minervae,
843 787 944 827 quae
981 776 1032 816 ad
1072 774 1220 816 bellum
1256 787 1342 815 cum
1378 773 1648 819 Chalcodonte

201 841 391 885 Euboeae
419 856 514 898 rege
545 842 846 897 transigendum
877 844 970 898 ipsa
995 844 1090 886 olim
1122 844 1290 898 sumptis
1321 843 1445 886 armis
1475 845 1652 898 profecta

204 922 325 958 esset.
385 913 550 955 Fefellit
577 914 681 955 enim
709 914 820 954 viros
851 916 987 956 doctos
1018 914 1176 967 vitium,
1220 916 1325 967 quod
1354 914 1535 968 obrepsit
1562 916 1650 959 loco

201 983 432 1025 Pausaniae
466 983 525 1024 sic
556 983 855 1036 depellendum:
890 984 1035 1040 λαβεῖν
1060 982 1138 1038 γὰρ
1166 982 1219 1027 τὰ
1246 978 1355 1028 ὅπλα
1386 982 1559 1041 αὐτὴν
1585 987 1651 1030 ἒν-

201 1054 369 1104 ταῦθα,
409 1050 528 1108 ἧνίκα
569 1049 792 1106 Εὗβοιεῦσι
834 1050 904 1094 καὶ
930 1048 1204 1094 Χαλκώδοντι
1243 1050 1407 1104 ἔμελλεν
1444 1049 1653 1103 ἀντιτάξε-

194 1119 324 1162 σθαι·
350 1115 397 1161 τὸ
432 1115 477 1159 δὲ
509 1101 676 1160 {vomat
702 1114 755 1160 τὰ
793 1112 904 1160 ὅπλα
933 1113 1109 1160 ἐκάλουν
1137 1115 1218 1171 ἄρα
1255 1119 1296 1160 οἱ
1325 1117 1490 1160 παλαιοὶ
1519 1116 1650 1168 ζώσα-

202 1191 326 1236 σθαι,
367 1184 509 1237 quibus
548 1196 649 1236 quae
681 1183 741 1224 sit
783 1183 1071 1237 comprehensa
1099 1183 1317 1235 sententia,
1359 1182 1515 1225 sincere
1554 1184 1652 1226 olim

201 1253 378 1295 definivit
429 1252 592 1295 Caelius
629 1253 887 1306 Rhodiginus
933 1254 1060 1295 Lectt.
1106 1252 1242 1305 Antiq.
1290 1252 1381 1295 libr.
1410 1251 1548 1295 XXII.
1583 1261 1651 1298 19.

200 1335 243 1376 p.
273 1329 397 1366 1252.
418 1323 467 1365 G.
527 1321 615 1363 Nec
642 1322 842 1375 cognitam
878 1322 1020 1363 habuit
1049 1321 1287 1363 Siebelisius
1315 1320 1428 1361 illius
1456 1322 1652 1362 rationem

203 1383 538 1441 constructionis,
580 1389 647 1442 qui
687 1403 805 1442 quum
833 1402 971 1429 vocem
1001 1387 1169 1446 ἄγαλμα
1201 1401 1297 1429 cum
1323 1387 1493 1441 duplici
1520 1390 1652 1439 geni-

202 1463 292 1502 tivo
320 1468 363 1500 et
391 1463 504 1510 eius,
541 1461 664 1499 cuius
693 1462 742 1498 in
769 1457 997 1509 honorem,
1038 1466 1083 1498 et
1111 1460 1224 1508 eius,
1263 1459 1386 1497 cuius
1413 1470 1549 1496 manu
1573 1454 1653 1514 fa-

201 1536 316 1570 ctum
344 1530 413 1579 sit,
445 1526 634 1579 coniungi
667 1529 792 1579 probe
822 1526 1051 1568 edocuisset
1079 1525 1171 1569 Vol.
1191 1525 1241 1567 V.
1271 1540 1311 1579 p.
1337 1532 1448 1576 191„
1477 1540 1560 1566 non
1589 1533 1652 1569 ta-

202 1608 294 1636 men
326 1602 536 1635 assecutus
566 1599 648 1645 est,
693 1607 787 1634 esse
825 1593 892 1634 ubi
923 1594 1050 1634 altero
1081 1593 1256 1653 genitivo
1287 1592 1374 1634 eius
1405 1594 1654 1636 contineatur

201 1662 415 1713 indicium,
446 1675 471 1702 a
502 1675 578 1714 quo
612 1661 770 1714 signum
801 1660 854 1702 sit
883 1667 1167 1702 consecratum.
1228 1660 1357 1711 Quam
1383 1661 1651 1702 construetio-

201 1745 292 1772 nem
322 1730 509 1782 quoniam
536 1743 643 1769 nune
672 1742 752 1769 non
781 1729 875 1769 lieet
904 1728 1137 1780 diligentius
1168 1730 1463 1779 demonstrare,
1493 1730 1648 1785 duobus

202 1797 399 1849 defungar
436 1795 633 1848 exemplis
678 1795 813 1848 petitis
858 1809 910 1836 ex
951 1795 1180 1836 Pausaniae
1218 1795 1309 1837 libr.
1333 1795 1385 1837 X.
1427 1810 1461 1838 c.
1493 1803 1568 1849 15,
1611 1806 1651 1842 1.

203 1881 244 1920 p.
270 1873 366 1908 228.
396 1872 521 1907 229.:
552 1862 628 1907 δύο
650 1864 905 1913 ’Λπόλλωνος
935 1863 1205 1918 (ἀγάλματα),
1244 1862 1293 1908 τὸ
1321 1865 1395 1918 μὲν
1423 1865 1651 1920 Ἡρακλεω-

203 1938 286 1979 τῶν
321 1931 423 1988 πρὸς
458 1935 515 1989 τῷ
556 1931 751 1991 Εὐξείνῳ,
800 1929 848 1975 τὸ
884 1931 931 1975 δὲ
960 1927 1266 1986 Ἀμφικτυόνων
1299 1932 1408 1975 ἐστὶν
1447 1939 1485 1974 et
1519 1932 1565 1976 τὸ
1604 1932 1651 1979 δὲ

198 2003 384 2059 Ἀθηνᾶς
412 1999 487 2044 δύο
519 2018 561 2043 τε
588 1997 848 2049 ’Λπόλλωνος
870 1998 1087 2054 ἀγάλματά
1121 2003 1231 2043 ἔστιν
1258 2001 1467 2044 Αἰτωλῶν.
1533 2001 1651 2054 Apud

202 2071 410 2113 Proetides
451 2075 581 2110 autem
617 2068 750 2121 posita
787 2074 899 2109 erant
930 2070 1026 2109 deae
1059 2068 1201 2120 signa,
1243 2069 1346 2120 quod
1375 2069 1426 2108 ab
1450 2068 1528 2108 hac
1555 2068 1649 2109 inde

204 2145 323 2192 porta
359 2137 457 2178 itum
495 2136 625 2177 fuerat
661 2136 856 2176 adversus
898 2136 1231 2183 Chalcodontem;
1280 2136 1392 2176 euius
1432 2135 1490 2176 rei
1525 2138 1650 2178 docu-

204 2210 336 2247 mento
373 2203 473 2244 illud
509 2203 629 2244 etiam
664 2208 744 2254 est,
785 2204 887 2254 quod
926 2204 978 2244 ad
1017 2203 1150 2255 ipsam
1182 2203 1310 2254 viam,
1354 2216 1455 2255 quae
1493 2203 1649 2246 Thebis

206 2271 439 2315 Chalcidem
457 2271 546 2323 fert,
579 2270 868 2312 Chalcodontis
886 2270 1061 2312 tumulus
1082 2273 1353 2313 ostentabatur
1373 2270 1555 2326 (Paus.c.
1570 2281 1650 2326 19.,

206 2346 246 2383 3.
267 2353 307 2391 p.
321 2339 427 2394 67.).
475 2338 537 2379 Ad
558 2351 658 2390 quae
677 2344 929 2379 monumenta
951 2339 1397 2396 spectav'QPausanias
1413 2339 1512 2382 v111.
1529 2348 1592 2391 15,
1606 2348 1647 2383 3.

206 2406 297 2449 Vol.
310 2406 375 2446 ΠΙ.
404 2419 443 2457 p.
458 2411 580 2447 330.:
610 2407 694 2455 πῶς
712 2404 786 2459 μὲν
809 2404 887 2461 γὰρ
906 2405 1202 2464 συνεπελάβετο
1217 2407 1413 2463 εΗραειιλεῖ
1438 2410 1510 2450 τοῦ
1528 2410 1650 2463 ἔργον

206 2472 453 2526 Χαλκώδων,
481 2470 529 2516 ὅν
558 2473 768 2529 πρότερον.
790 2477 852 2518 ἔτι
882 2473 1117 2518 ἀπέκτεινεν
1143 2475 1416 2531 Ἀμφιτρύωνς
1447 2477 1515 2519 καὶ
1539 2495 1650 2533 μαρ-

213 2550 395 2599 τυρεῖται
415 2544 485 2585 καὶ
502 2540 706 2585 πιστεύειν
735 2540 828 2594 ἄξιά
854 2546 965 2587 ἐστιν
990 2546 1033 2587 ἐν
1060 2542 1231 2603 Θήβαις·
1262 2545 1303 2585 iu
1334 2559 1410 2597 quo
1438 2545 1651 2597 explican-

208 2615 258 2655 do
296 2613 385 2653 loco
424 2625 564 2663 parum
601 2611 743 2652 idonee
778 2619 961 2654 versatus
992 2614 1232 2654 Siebelisius
1271 2628 1310 2665 p.
1337 2619 1435 2655 249.
1474 2615 1653 2666 explevit

203 2680 563 2733 exspectationem.-
605 2678 806 2720 ‘Ceterum
820 2680 1098 2735 Amphitryoni
1129 2682 1260 2722 locum
1285 2682 1379 2721 dare
1410 2683 1525 2724 debet
1554 2683 1651 2724 Am-

208 2750 401 2804 phictyon
430 2750 536 2802 apud
563 2749 824 2790 Plutarchum
843 2751 976 2791 Amat.
995 2751 1172 2792 Narratt.
1193 2751 1257 2791 111.
1286 2750 1377 2793 Vol.
1396 2752 1485 2795 ΧΗ.
1514 2766 1553 2805 p.
1568 2760 1655 2795 75.:

205 2816 527 2874 Ἀμφικτύων
557 2839 611 2848 -
642 2820 699 2868 εἷς
734 2816 811 2875 τὴν
845 2821 1039 2875 Θηβαίων
1078 2818 1242 2872 ἀφίκετο
1281 2815 1404 2863 πόλιν
1441 2821 1506 2864 καὶ
1536 2822 1656 2866 Χαλ-

211 2887 395 2931 κιδεῦσιν
435 2885 673 2943 ὑποφόρους
707 2886 850 2944 λαβὼν
887 2890 1038 2932 ἔπαυσε
1067 2887 1141 2932 τὸν
1176 2885 1335 2943 δασμὸν
1373 2887 1653 2933 Χαλκώδοντα

1354 2956 1383 2997 2
