1824 3347
859 260 945 319 42ι

161 385 204 427 Ρ.
235 376 334 415 412.
364 383 451 425 sq„
490 383 575 426 quo
613 379 792 415 amore
832 372 909 415 ille
953 370 1068 415 Ptoo
1108 369 1325 415 subiectus
1363 373 1619 417 Onchestum

160 455 309 492 versus
341 439 666 483 extendebatur
673 457 695 494 ‚-
730 441 806 483 sed
834 438 1012 486 Gellius>
1028 440 1157 496 (ltin.
1185 438 1245 498 cf
1268 439 1426 485 Gneo.-
1452 457 1493 497 Ρ.
1521 448 1617 486 120.

160 525 202 566 Ρ.
225 508 347 568 126.)
374 510 430 552 de
464 513 610 566 positu
636 513 731 553 eius
762 513 954 553 incertus
980 509 1086 569 fuit.
1152 510 1344 556 Siebelis.
1371 511 1416 553 in
1439 512 1617 557 Pausan.

158 594 200 633 Ρ.
220 585 291 623 84.
319 579 413 623 vid.
442 580 621 622 Krusius
650 578 820 624 Hellad.
849 580 943 625 Vol.
981 580 1033 625 11.
1067 581 1117 625 P.
1143 580 1176 626 1.
1211 593 1252 634 p.
1281 584 1382 625 440.
1413 594 1476 634 sq.
1534 582 1617 623 Po-

157 653 306 689 stremo
353 647 475 690 iuxta
520 648 627 689 hanc
664 645 773 688 viam
824 654 911 689 erat
933 646 1050 690 'Laii
1085 647 1225 690 fanum
1260 645 1308 692 τὸ
1348 651 1428 691 τοῦ
1463 650 1617 693 'Aaz'bv

156 717 336 769 τέμενος.
397 715 469 756 Sic
497 713 604 755 enim
631 719 674 755 ut
698 714 950 757 'rescribatur
977 715 1020 757 in
1036 714 1228 757 Arrhiani
1253 715 1368 767 loco,
1399 727 1518 768 quem
1546 728 1619 757 su-

155 797 233 837 pra
260 784 351 827 vitii
380 782 703 838 postulavimus,
729 782 970 838 fert‘opinio
1001 790 1041 827 et
1070 785 1299 827 coniectura
1325 789 1480 828 nostra.
1541 782 1621 825 Ni-

158 854 319 903 mirum,
335 853 422 894 eius
452 852 540 894 fani
566 853 804 895 memoriam
832 855 884 896 ab
914 868 994 896 uno
1014 854 1217 898 Arrhiano
1242 853 1442 908 proditam
1470 852 1621 895 clarior

159 925 264 967 Iolai
291 923 402 965 fama
432 922 665 976 obscuravit
693 929 813 977 atque
845 921 993 968 obruit.
1059 925 1126 976 Et,
1147 929 1332 978 poterant
1359 929 1403 966 ut
1431 928 1546 965 erant
1574 922 1621 964 in

152 991 381 1041 nominibus
411 991 633 1033 exarandis
663 1004 809 1043 pamm
838 992 1017 1034 accurati
1045 992 1203 1034 librarii
1232 991 1415 1045 graeculi
1433 1004 1501 1032 res
1520 990 1617 1032 Laii

157 1067 197 1102 et
236 1060 341 1102 Iolai
370 1058 536 1101 facilius
576 1064 616 1100 et
652 1059 877 1112 proclivius
913 1059 1177 1112 confundere,
1216 1068 1336 1113 quam
1372 1058 1542 1101 Aeolum
1579 1064 1619 1100 et

156 1130 329 1181 Laium,
381 1130 488 1181 quod
516 1128 667 1169 factum
706 1135 769 1169 est
797 1128 1029 1181 aliquoties.
1098 1128 1178 1169 Sed
1216 1130 1322 1181 quod
1357 1141 1441 1169 non
1479 1126 1617 1179 dubito

158 1200 256 1254 quin
290 1199 399 1241 hanc
437 1196 754 1239 emendationem
789 1211 919 1240 meam
956 1204 1158 1252 tamquam
1194 1182 1409 1240 temeraria
1446 1194 1619 1239 andacia

156 1270 432 1312 machinatam
460 1268 647 1309 nonnulli
675 1268 961 1321 reprehensuri
990 1269 1069 1311 sint
1087 1269 1196 1310 haud
1214 1268 1485 1319 mediocriter,
1514 1267 1630 1308 illud-

153 1337 277 1380 velim
313 1341 542 1390 reputetur,
585 1335 858 1389 excogitatum
885 1336 962 1378 hoc
999 1349 1093 1378 esse
1132 1337 1184 1377 ad
1211 1335 1452 1378 abluendam
1480 1333 1618 1376 defor-

158 1409 339 1449 mitatem
375 1405 459 1447 loei
494 1405 650 1458 insigni
685 1406 912 1447 socordium
948 1406 1154 1447 hominum
1193 1404 1348 1458 flagitio
1378 1410 1516 1458 aperte
1546 1405 1618 1444 de-

156 1473 319 1529 pravati
338 1472 536 1525 fidemque
557 1472 767 1525 scriptoris
796 1472 839 1513 in
857 1473 925 1514 his
944 1475 1066 1515 rebus
1092 1472 1351 1515 subtilissimi
1378 1485 1503 1525 aeque
1522 1470 1616 1513 vin-

154 1543 385 1586 dicandam.
453 1540 551 1581 Laii
592 1540 752 1593 quidem
783 1547 1080 1583 monumentum
1106 1542 1288 1599 quamvis
1321 1546 1473 1583 constet
1509 1541 1616 1594 apud

151 1611 387 1652 Phocenses
415 1607 459 1649 in
487 1607 582 1660 ipsa
604 1607 675 1649 via
697 1607 864 1649 Schista
884 1608 1011 1650 fuisse
1030 1610 1229 1664 (Pausan.
1250 1609 1302 1654 X.
1326 1615 1364 1661 5,
1385 1615 1425 1652 2.
1449 1621 1491 1661 Ρ.
1516 1613 1613 1651 182.

152 1679 258 1721 conf.
291 1677 492 1735 Dodwell.
514 1676 607 1721 ltin.
625 1675 715 1720 Vol.
736 1677 767 1719 1.
788 1676 837 1721 P.
858 1678 887 1720 Ι.
919 1691 961 1731 p.
983 1684 1083 1722 261.
1109 1691 1170 1731 sq.
1198 1678 1366 1722 Pisand.
1386 1689 1453 1728 ap.
1474 1676 1611 1719 Schol.

152 1749 296 1802 Eurip.
324 1747 479 1793 Phoen.
504 1753 632 1790 1760.
660 1760 700 1800 Ρ.
721 1752 821 1791 337.
849 1747 1037 1791 Lactant.
1066 1747 1110 1788 in
1138 1747 1240 1794 Stat.
1269 1747 1399 1792 Theb.
1427 1747 1477 1791 Il.
1507 1747 1613 1802 65.),

150 1820 230 1860 hoc
261 1829 395 1859 tamen
421 1829 504 1857 non
523 1829 691 1869 prorsus
710 1828 736 1857 a
755 1814 832 1858 fide
850 1816 1005 1858 videtur
1023 1817 1238 1859 abhorrere
1260 1817 1325 1858 illi
1353 1829 1380 1858 a
1400 1816 1612 1859 Thebanis

151 1886 271 1927 iuxta
300 1884 429 1935 viam,
460 1896 541 1935 qua
568 1883 753 1935 Delphos
783 1884 967 1936 abiisset,
999 1898 1088 1925 cum
1117 1884 1313 1925 tumulum
1341 1884 1504 1925 inanem
1533 1898 1610 1925 ex-

155 1953 322 1994 citatum
354 1956 438 1991 tum
466 1949 607 1991 fanum
636 1957 913 1993 consecratum
942 1951 1092 2001 fuisse3
1130 1965 1301 2005 namque
1330 1951 1450 1993 iidem
1475 1953 1613 1993 eodem

151 2024 306 2065 honore
346 2018 585 2073 prosequuti
618 2026 711 2061 sunt
737 2020 944 2062 Eteoclem
978 2027 1017 2061 et
1034 2021 1289 2074 Polynieem,
1337 2020 1611 2074 Memeneum,

149 2089 454 2142 Melanippum,
478 2088 715 2143 Hectorem,
746 2088 852 2130 alios
869 2089 1016 2131 multos
1046 2088 1216 2145 (ἄλλους
1244 2093 1325 2133 τῶν
1353 2092 1614 2145 καλουμένων

150 2158 297 2218 ἡρώων
324 2158 507 2201 Pausan.
532 2171 568 2201 c.
592 2163 660 2210 18,
685 2163 721 2202 3.
754 2171 794 2210 p.
817 2156 921 2211 64.).
980 2157 1087 2208 Quid
1116 2160 1219 2211 quod
1250 2158 1421 2211 Spartae
1448 2158 1610 2200 dedica-

157 2232 242 2267 tum
261 2230 347 2266 erat
365 2224 409 2265 in
426 2225 674 2278 Aegidarum
693 2225 799 2267 tribu
822 2223 1039 2283 Ἐριννύων
1067 2228 1148 2270 τῶν
1171 2227 1312 2271 Λαῖῦυ
1336 2244 1380 2270 τε
1406 2227 1477 2272 καὶ
1493 2225 1610 2274 Οἰδι-

152 2291 291 2339 πόδεω
322 2291 410 2350 ἱρόν
439 2292 609 2349 (Herod.
631 2293 698 2338 IV.
720 2292 873 2348 1493?
919 2294 966 2337 Si
982 2294 1076 2336 Laii
1106 2296 1270 2349 aliquod
1300 2296 1505 2338 oraculum
1534 2310 1610 2338 ex-

151 2364 252 2415 titit,
288 2363 332 2405 id
360 2364 464 2416 quod
492 2376 545 2404 ex
579 2364 784 2406 Herodoto
811 2364 858 2407 V.
892 2370 961 2407 33.
999 2366 1075 2419 (ἐκ
1109 2367 1192 2409 τῶν
1221 2366 1364 2409 Λαΐου
1390 2362 1609 2423 χρησμῶν)

153 2432 318 2485 collegit
347 2431 613 2484 Tiraquellus
642 2432 687 2473 in
713 2431 835 2476 Alex.
875 2434 926 2474 ab
953 2431 1075 2478 Alex.
1102 2433 1203 2476 Gen.
1229 2432 1440 2486 Diem-lib.
1467 2432 1536 2478 VI.
1566 2438 1610 2475 2.

153 2502 206 2542 Τ.
225 2501 275 2546 ΙΙ.
298 2515 338 2554 p.
362 2505 483 2553 424„
524 2501 626 2542 illud
658 2514 742 2542 nou
773 2501 906 2553 inepte
932 2502 999 2543 hic
1031 2501 1309 2544 collocaveris.
1369 2502 1450 2543 Sed
1479 2501 1609 2542 satius

154 2576 216 2611 est
251 2569 445 2612 Herodoti
483 2571 608 2612 verba
645 2571 693 2611 de
732 2569 910 2611 oraculis
939 2570 1043 2611 Laio
1082 2572 1133 2611 ab
1160 2569 1351 2623 Apolline
1380 2568 1486 2610 datis
1523 2580 1611 2608 cnm

152 2638 361 2679 Larchera
405 2644 444 2678 et
483 2637 870 2690 Schweighaeusero
911 2637 1168 2690 interpretari
1207 2638 1276 2695 (v.
1312 2636 1485 2678 Lucian.
1526 2635 1609 2678 Iov.

154 2704 274 2750 Conf.
302 2712 368 2749 13.
391 2706 481 2752 Vol.
500 2706 569 2749 VI.
599 2721 639 2761 p.
661 2712 759 2752 214.
787 2706 967 2749 Pausan.
988 2707 1057 2753 IX.
1078 2713 1148 2758 26,
1172 2713 1211 2750 2.
1238 2721 1280 2760 Ρ.
1300 2712 1368 2750 92.
1411 2703 1609 2747 Valcken.

152 2776 195 2815 iu
214 2773 358 2826 Eurip.
377 2773 539 2820 Phoen.
554 2781 623 2819 18.
651 2788 691 2829 p.
717 2774 827 2829 10.),
860 2788 978 2828 quam
1004 2789 1092 2816 cum
1108 2773 1382 2816 Valckenario
1399 2777 1448 2812 -et
1468 2770 1608 2814 Oilofr.

151 2841 353 2885 Muellero
377 2841 586 2896 (Orchom.
604 2857 646 2896 p.
668 2848 765 2887 145.
790 2842 870 2896 sq.)
902 2845 950 2885 de
980 2843 1157 2885 oraculis
1187 2844 1238 2884 ab
1267 2842 1359 2894 ipso
1389 2840 1491 2881 Laio
1522 2839 1607 2880 edi-

156 2912 225 2954 tis.
299 2908 405 2951 Illud
433 2923 526 2951 vero
554 2909 679 2951 nolim
704 2910 783 2952 huc
810 2910 1029 2963 referatur,
1060 2910 1163 2962 quod
1192 2908 1355 2962 Sphinx
1382 2919 1408 2947 a
1434 2905 1608 2946 nonnul-
