1824 3347
913 259 978 310 18

217 365 506 425 ,τὸνβασιλέα
534 369 615 410 τῶν
633 365 829 425 Εὐβοέων
855 365 1115 419 ἀποκτείνας·
1146 367 1251 410 conf.
1277 368 1466 413 Eustath.
1497 368 1538 409 in
1559 365 1676 409 Hom.

224 437 270 477 11.
303 437 351 479 Il.
393 442 487 479 542.
528 441 689 488 Ρ.,281.
730 442 833 478 extr.
907 434 963 488 Ut
1001 449 1048 476 eo
1086 442 1349 488 revertamur,
1400 435 1675 479 nndeoratio

224 505 449 556 aberravit,
491 506 738 557 superabant
766 504 995 545 Pausaniae
1026 510 1200 557 tempore
1235 518 1323 545 cum
1341 505 1457 546 aliae
1488 506 1575 546 eius
1602 507 1676 546 do·-

223 587 312 613 mus
363 574 586 626 parietinae
624 581 704 613 tum
742 571 959 613 Alcmenae
999 572 1225 624 thalamus,
1270 585 1387 625 quem
1425 572 1676 614 aedificatum

213 640 350 688 ,fuisse
380 641 501 682 fama
530 646 615 681 erat
653 652 688 700 a,
708 639 942 691 Trophonio
983 646 1022 680 et
1053 640 1255 693 Agamede
1293 639 1359 681 his
1395 640 1578 681 versibus
1609 642 1675 683 in-

225 704 439 765 scriptum:
466 708 718 767 Ἀμφιτρύων
743 705 800 752 ὅτ’
820 709 955 765 ἔμελλ’
975 709 1214 768 ἆγαχέσθαι
1242 709 1363 767 δεῖρο
1389 717 1561 766 γυναῖκα
1580 709 1675 755 Ἀλ-

222 777 392 839 κμήνην,
421 775 620 832 θάλαμόν
644 777 679 833 γ’
704 777 893 829 {auguro
921 781 1070 821 τοῦτον
1100 780 1248 836 ἑαυτῷ,
1273 777 1481 836 Ἀγχάσιος
1500 777 1538 821 δ’
1556 782 1675 823 ἕποι’-

223 867 296 906 ησε
332 846 570 905 Τροφώνιος
609 845 676 903 ἧδ’
709 845 959 904 Ἀγαμήδης.
1019 845 1226 903 (Pausan.
1267 861 1302 891 c.
1344 854 1392 890 11
1407 878 1428 899 ‚¹
1452 853 1489 889 1.
1532 859 1572 900 p.
1605 853 1675 892 38.

218 917 397 959 Brunek.
426 916 544 957 Anal.
566 914 640 959 Ill.
677 929 719 968 Ρ.
743 922 838 959 179.
868 915 1033 959 Anthol.
1063 917 1153 959 Pal.
1186 918 1238 960 T.
1259 917 1310 959 11.
1332 930 1373 969 Ρ.
1392 915 1513 974 796.)
1550 915 1682 976 Ωιιιιει

220 988 451 1039 inscriptio
489 984 616 1027 debet
647 997 731 1039 pro
768 979 879 1038 ficta
917 983 1102 1037 liaberi3
1135 980 1247 1039 ficta
1286 993 1433 1026 autem
1467 974 1588 1037 erat,
1624 995 1676 1028 ut

220 1056 342 1095 laeta
381 1054 726 1108 antiquitatibus
763 1066 871 1105 gens
892 1044 1125 1107 eademque
1173 1054 1352 1095 credula
1389 1057 1676 1096 monumentis

219 1126 310 1172 suis
334 1132 525 1164 remotae
552 1125 779 1164 vetustatis
807 1125 1112 1164 auctoritatem
1136 1123 1411 1179 conciliaret.
1477 1123 1549 1178 lta¹
1567 1123 1674 1165 Boe-

219 1189 367 1232 ckhius
399 1191 520 1244 Corp.
558 1193 685 1232 lusor.
719 1191 790 1233 Gr.
821 1191 853 1233 Ι.
883 1205 921 1243 Ρ.
941 1197 1008 1232 63.
1078 1189 1227 1231 Wolfio
1262 1190 1451 1243 Prolegg.
1480 1193 1532 1231 ad
1555 1191 1673 1235 Hom.

217 1271 255 1310 p.
274 1258 359 1303 LV.
391 1258 636 1311 suffragatus
676 1265 713 1300 et
742 1265 900 1311 praeter
928 1258 1173 1300 Boeckhium
1211 1266 1450 1316 censuerunt
1474 1260 1675 1302 Herman-

218 1339 296 1366 nus
334 1326 377 1365 in
414 1325 605 1379 Orphieis
638 1340 677 1379 Ρ.
696 1333 794 1370 786.
852 1326 1077 1368 Muellerus
1106 1327 1294 1372 Orchom.
1323 1341 1363 1381 Ρ.
1384 1333 1480 1371 243.
1508 1335 1591 1370 not.
1619 1335 1672 1382 3.,

220 1395 308 1439 alii.
373 1396 572 1449 Equidem
609 1396 652 1436 iu
693 1409 742 1437 ea
780 1396 1025 1437 illustranda
1061 1402 1099 1437 et
1139 1396 1400 1450 perpolienda
1434 1411 1541 1440 nunc
1576 1398 1671 1440 nolo

220 1476 313 1505 esse
350 1464 512 1517 longus.
581 1464 776 1505 Thalami
814 1463 1071 1517 religionem,
1110 1464 1154 1505 in
1193 1478 1270 1517 quo
1316 1472 1426 1507 ortus
1461 1465 1672 1519 Hercules,

219 1546 301 1574 non
333 1534 469 1575 omisit
484 1533 640 1589 Statius
661 1534 790 1574 Theb.
803 1533 890 1577 V11.
912 1539 1008 1575 601.
1028 1533 1230 1574 celebrare
1258 1534 1552 1585 praedicatione
1572 1535 1671 1581 hac:

218 1602 322 1654 „Sic
342 1603 496 1643 clamor
513 1602 666 1655 apertis
678 1602 873 1643 Exoritur
890 1601 1038 1651 muris3
1063 1602 1230 1643 mallent
1247 1603 1509 1644 cunabula
1536 1616 1611 1645 ma
1620 1616 1671 1657 g—

214 1672 268 1712 ni
306 1672 558 1712 Herculis
597 1677 666 1711 aut
706 1671 886 1711 Semeles
932 1671 1152 1720 thalamum
1189 1676 1257 1711 aut
1294 1671 1499 1722 penetrale
1536 1672 1669 1712 ruisse

216 1739 509 1789 Harmonies“3
539 1745 578 1794 et
608 1738 809 1781 sublatius
838 1738 1014 1779 meminit
1043 1737 1267 1783 cubiculum
1297 1751 1476 1790 amorum
1505 1752 1670 1780 suorum

220 1809 424 1856 conscium
458 1805 651 1850 Alcmena
680 1810 788 1861 apud
818 1809 1014 1849 Senecam
1045 1808 1164 1851 Herc.
1190 1808 1276 1852 Oet.
1304 1815 1450 1853 1801.:
1487 1808 1669 1861 „Marita

220 1876 389 1916 Thebas
418 1888 546 1928 regna
571 1884 610 1918 et
637 1874 825 1916 Ismenon
853 1882 987 1928 petam
1011 1875 1404 1928 Thalamosque
1433 1884 1614 1917 nostro
1632 1891 1665 1929 s,

217 1946 261 1986 in
294 1946 438 1999 quibus
465 1947 663 1998 quondam
691 1945 825 1985 Iovem
843 1944 1003 1985 Dilecta
1030 1943 1166 1993 vidi“;
1199 1944 1515 1996 quandoquidem
1534 1944 1666 1993 Ζεὺς-

216 2012 449 2065 ἀφικνεῖται
487 2012 555 2055 ἐπὶ
591 2010 685 2070 τὴν
707 2008 1100 2068 Ἀμφιτρύωνος
1139 2014 1319 2054 αἰκίαν
1349 2013 1520 2063 (regiain
1548 2019 1664 2053 vocat

213 2082 402 2138 Hyginus
446 2082 547 2127 Fab.
572 2081 721 2126 XXIX.
760 2095 799 2134 p.
822 2080 912 2137 70.)
951 2083 1050 2138 ἔχων
1071 2137 1073 2139 ¹
1093 2078 1311 2139 καρχήσιον
1346 2079 1489 2131 ἐοικώς
1524 2080 1666 2136 Ἀμφιο

213 2157 377 2216 τρύωνι·
416 2160 634 2214 Pherecyd.
666 2159 716 2204 fr.
737 2158 830 2202 XII.
869 2173 910 2212 p.
935 2165 1001 2203 98.
1033 2158 1138 2203 conf.
1165 2158 1330 2203 Pindar.
1359 2159 1496 2201 Isthm.
1527 2160 1596 2205 Vl.
1624 2168 1664 2202 6.

211 2229 377 2270 Praeter
391 2230 608 2271 thalamum
623 2229 795 2271 dilucide
815 2227 1191 2270 narratAntoninus
1200 2227 1402 2270 Liberalis
1431 2244 1464 2274 e.
1474 2230 1665 2273 XXXIII.

213 2297 322 2348 sive,
363 2310 438 2350 quo
474 2297 511 2339 is
554 2306 715 2340 auctore
757 2297 901 2350 utitur,
943 2297 1195 2352 Pherecydes
1227 2296 1392 2352 (fragm.
1410 2298 1458 2340 L.
1480 2312 1518 2352 Ρ.
1544 2299 1663 2358 184.)

210 2371 303 2406 ante
334 2365 677 2418 portasElectras
705 2365 834 2407 fnisse
864 2365 995 2407 lucum
1021 2365 1236 2419 fanumque
1260 2366 1488 2413 Alcmenae.
1548 2369 1662 2421 Quae

210 2448 330 2487 quum
379 2433 492 2475 senio
541 2435 721 2476 confecta
776 2435 948 2476 obiisset
994 2441 1032 2476 et
1075 2437 1125 2476 ab
1174 2435 1403 2478 Heraclidis
1444 2438 1661 2491 efferretur,

208 2501 452 2555 Mercurius,
483 2505 534 2544 ab
570 2503 663 2545 Iove
698 2503 836 2545 iussus
858 2503 1092 2545 Alcmenam
1121 2503 1225 2546 clam
1256 2506 1492 2548 subductam
1517 2507 1560 2548 in
1588 2509 1661 2548 be-

208 2579 363 2614 atorum
390 2573 541 2614 insulis
581 2573 782 2615 collocare
812 2573 894 2615 iam
924 2573 1234 2616 Rhadamantho
1275 2589 1442 2617 uxorem
1471 2575 1658 2634 futuram,

203 2637 321 2680 illam
352 2641 510 2692 quidem
540 2642 757 2694 submovit,
800 2655 943 2683 saxum
972 2655 1065 2682 vero
1096 2642 1139 2683 in
1169 2642 1302 2684 loculo
1334 2641 1515 2684 inclusit.
1574 2643 1659 2686 lta-

206 2720 282 2759 que
315 2719 429 2758 quem
457 2709 592 2760 posita
623 2715 839 2761 apertaque
873 2708 1062 2761 subinde,
1095 2723 1215 2762 quum
1248 2724 1366 2751 onere
1396 2711 1554 2761 gravati
1586 2726 1656 2754 es-

204 2779 317 2831 sent,
355 2786 451 2816 arca
489 2775 726 2818 invenerunt
764 2776 961 2830 lapidem,
1005 2791 1095 2818 eum
1122 2777 1167 2819 in
1196 2778 1287 2820 luco
1313 2783 1555 2833 statuerunt,
1590 2783 1659 2824 ubi

199 2848 345 2895 postea
377 2841 514 2884 fanum
542 2844 757 2886 Alcmenae
789 2844 1048 2897 conspicuum
1079 2850 1178 2888 erat.
1201 2846 1290 2887 ‘vid.
1328 2845 1475 2890 Anton.
1520 2847 1658 2892 Liber.

197 2900 354 2964 Ρζ144.
376 2923 437 2962 sq.
468 2910 572 2955 conf.
601 2910 803 2956 Plutarch.
834 2912 902 2955 vit.
937 2911 1097 2957 Romul.
1127 2911 1313 2957 XXVIII,
1343 2911 1431 2954 Vol.
1454 2912 1485 2958 l.
1532 2927 1569 2967 p.
1591 2922 1659 2960 81,
