1824 3347
877 249 946 301 12

181 363 399 406 vindicare.
475 362 676 417 Videsne,
723 368 765 405 ut
812 362 944 404 forum
982 369 1219 416 evanescat,
1266 363 1359 407 fera
1398 365 1631 420 emergant?

178 433 261 474 Iam
285 446 380 474 vero
412 445 535 474 unum
561 432 692 474 solum
713 432 868 473 Thebis
898 431 1082 473 extitisse
1109 431 1239 472 forum
1267 434 1521 476 consentiunt
1547 434 1631 476 Χο-

177 500 342 553 nophon
373 499 481 544 Hist.
517 500 663 544 Graec.
693 499 741 542 V.
785 506 836 552 2,
881 506 949 545 29.
1018 499 1259 542 Plutarchus
1290 501 1338 542 de
1373 500 1476 546 Gen.
1514 503 1628 548 Socr.

176 567 367 612 xxxm.
399 568 489 614 Vol.
516 569 566 611 X.
606 582 646 621 p.
678 573 774 609 364.
807 574 905 613 365.
972 568 1198 611 Arrhianus
1227 567 1339 621 Exp.
1382 570 1502 614 Alex.
1524 572 1556 615 Ι.
1588 578 1630 616 8.

177 640 267 690 Quo
308 639 487 690 accedit,
527 639 630 691 quod
671 637 892 680 sententiae
920 638 1203 691 conformatio,
1244 650 1322 691 qua
1346 637 1549 691 Apollinis
1588 646 1629 683 et

174 709 387 749 Minervae
417 722 483 749 res
511 707 725 759 colligatae
755 713 874 759 atque
903 708 1133 761 implicatae
1164 714 1258 749 sunt
1288 721 1406 760 quam
1434 707 1523 750 fieri
1551 724 1629 763 po-

175 778 250 819 tuit
279 777 523 827 arctissime,
561 775 603 816 id
635 775 763 828 cogit,
804 766 848 816 ut
876 777 1092 818 Ismenium
1121 790 1274 831 quoque
1310 776 1352 817 in
1371 776 1468 818 «foro
1498 777 1627 821 fuisse

176 855 389 891 statuatur.
449 848 555 890 Illud
583 861 678 890 vero
709 848 799 901 quis
832 855 971 902 spreta
990 850 1225 892 Pausaniae
1245 849 1481 891 auctoritate
1510 850 1625 892 affir-

172 918 342 959 maverit
377 917 465 958 foro
506 917 767 960 adiacuisse‘?
825 917 986 972 Itaque,
1024 927 1067 961 ut
1106 932 1180 972 ego
1218 919 1425 972 existimo,
1464 920 1625 973 suppl-i-

174 1001 243 1029 ces
270 987 461 1028 Thebani
498 988 737 1029 assederunt
773 989 880 1041 apud
920 989 1081 1030 deorum
1118 989 1266 1042 templa
1302 1002 1383 1030 non
1417 989 1625 1033 dumtaxat

172 1057 216 1098 in
242 1058 354 1108 foro,
395 1059 466 1098 sed
505 1057 740 1109 congregati
768 1058 878 1099 haud
905 1058 1156 1110 promiscue3
1192 1059 1347 1100 videtur
1373 1058 1479 1100 enim
1509 1059 1622 1112 cogi-

171 1129 293 1169 tando
329 1126 443 1169 verbi
483 1125 677 1178 originem
713 1126 938 1179 Sophocles
979 1126 1046 1167 hic
1085 1139 1239 1179 quoque
1272 1127 1468 1168 sermonis
1506 1127 1624 1168 novi-

171 1201 293 1236 tatem
334 1199 588 1235 consectatus
629 1207 734 1236 esse.
801 1193 890 1243 Quo
929 1194 976 1235 de
1013 1195 1222 1246 quominus
1262 1195 1442 1249 dubites,
1483 1209 1505 1237 e
1535 1195 1625 1236 Lu-

173 1263 288 1304 ciano
326 1261 545 1305 Icaromen.
578 1268 646 1304 19.
684 1260 777 1304 Vol.
797 1260 885 1303 Vll.
918 1274 961 1314 p,
984 1268 1055 1306 28.
1084 1262 1188 1304 habe
1217 1259 1436 1320 μυρμήκων
1464 1260 1624 1320 ἀγοράν

171 1336 209 1371 et
240 1344 293 1371 ex
307 1330 564 1370 Philostrato
588 1329 731 1381 Imagg
764 1328 816 1371 11.
840 1336 910 1371 10.
938 1328 1091 1384 ἀγορὰν
1120 1332 1203 1373 τῶν
1233 1332 1375 1387 ψυχῶν
1403 1336 1442 1371 et
1462 1343 1483 1371 e
1504 1330 1623 1370 Tho-

171 1414 239 1441 ma
267 1400 470 1452 Magistro
500 1412 542 1451 p.
567 1403 662 1441 894.
692 1401 821 1441 κυνῶν
849 1396 1023 1453 ἀγοράν,
1052 1398 1293 1452 Hyperidem
1324 1399 1491 1453 deniqne
1523 1412 1622 1439 con-

173 1470 329 1521 sidera,
369 1469 483 1510 cuius
523 1468 624 1509 haec
665 1470 790 1508 verba
829 1474 922 1509 sunt
961 1469 1004 1508 in
1049 1472 1205 1523 Συναγ.
1250 1469 1331 1520 λέξ.
1359 1486 1475 1526 χρησ.
1514 1468 1621 1521 apud

169 1540 401 1581 Bekkerum
425 1536 483 1581 T.
508 1537 538 1579 I.
569 1551 611 1589 p.
636 1543 733 1580 330.
758 1535 935 1592 ’Λγορᾶς
952 1536 1163 1595 Ὑπερίδης
1182 1536 1272 1581 ἀντὶ
1300 1540 1377 1582 τοῦ
1406 1535 1619 1588 συνόδους·

170 1610 298 1661 Λέγει
333 1606 414 1661 γὰρ
452 1608 495 1649 ἐν
533 1607 590 1661 τῷ
611 1606 732 1659 -Περὶ
775 1604 1066 1658 Πολυεύκτου,
1122 1606 1222 1649 Οἴον
1260 1600 1378 1651 οὗτοι
1415 1604 1618 1657 πολλάκις

167 1673 318 1731 ἀγορὰς
355 1678 591 1719 ποιοῦνται.
675 1673 830 1715 Deinde
869 1680 908 1714 et
951 1674 1027 1715 hos
1069 1674 1214 1717 civium
1256 1680 1392 1716 coetus
1429 1681 1468 1716 et
1505 1674 1618 1727 illos,

169 1742 238 1794 qui
278 1743 329 1782 ad
359 1741 555 1795 Oedipum
585 1755 725 1794 preces
756 1746 913 1781 vertunt
940 1755 980 1784 v,
1012 1747 1052 1784 3.
1085 1744 1355 1798 ἱκτηρίοις
1391 1738 1618 1786 κλάδοι-

171 1827 256 1854 σιν
296 1813 686 1864 ἐξεστεμμένοι,
735 1824 823 1850 cum
862 1810 1082 1850 Paschalio
1132 1823 1173 1862 p.
1203 1816 1300 1853 240.
1332 1815 1428 1853 241.
1468 1808 1617 1850 Mark-

167 1880 291 1920 laudo
327 1879 371 1919 in
396 1878 539 1931 Eurip.
572 1878 720 1930 Suppl.
753 1884 851 1920 270.
886 1891 929 1930 p,
961 1884 1031 1921 83.
1068 1877 1298 1928 Brunckio,
1325 1877 1454 1929 aliis,
1493 1876 1615 1917 etiam

167 1944 400 1987 Ellendtius
442 1945 524 1986 lex.
557 1944 678 1997 Soph.
710 1958 750 1997 p.
775 1950 870 1987 568.
910 1944 1008 1985 facit
1046 1945 1168 1985 ramis
1207 1944 1438 1987 instructos.
1502 1943 1613 1999 Adeo

164 2012 266 2054 nihil
297 2011 448 2066 profuit
483 2011 669 2052 Elmsleii
708 2013 761 2053 ad
790 2011 972 2064 Euripid.
1003 2010 1164 2056 Hei-acl.
1197 2017 1293 2054 125.
1324 2025 1364 2065 p.
1385 2016 1453 2054 63.
1482 2010 1616 2051 moni-

166 2087 262 2132 tum,
295 2094 372 2133 quo
403 2086 591 2132 percepto
624 2079 805 2132 equidem
833 2080 931 2120 mihi
958 2079 1143 2132 persuasi
1171 2079 1267 2120 illos
1299 2079 1519 2120 Thebanos
1548 2078 1616 2122 fu·-

164 2150 248 2190 isse
277 2149 401 2191 ramis
438 2155 600 2193 exutos.
658 2149 821 2190 Etenim
851 2156 1009 2191 constat
1036 2151 1087 2190 ab
1118 2148 1348 2190 hominibus
1379 2148 1616 2202 supplican-

165 2219 274 2259 tibus
303 2218 482 2259 frondem
512 2217 742 2273 oleaginam
771 2231 892 2259 manu
922 2218 1076 2271 gestari
1106 2218 1208 2259 etin
1236 2220 1397 2260 deorum
1427 2218 1510 2260 aris
1543 2220 1615 2259 de-

165 2288 262 2342 poni
294 2287 456 2328 solitam
484 2286 629 2331 fuisse.
701 2288 852 2329 Positis
894 2287 1017 2341 igitur
1051 2287 1262 2328 frondibus
1301 2285 1614 2340 supplicantium

164 2358 271 2410 apud
299 2369 419 2408 aras,
452 2369 552 2407 quac
583 2362 675 2398 ante
702 2357 857 2414 regiam
886 2363 1000 2399 crant
1029 2355 1092 2411 (v.
1118 2356 1217 2414 16),
1249 2370 1480 2397 consessum
1508 2350 1615 2397 fuis-
1673 2373 1685 2380 2

165 2439 208 2466 se
240 2431 279 2465 ct
309 2422 459 2465 veteris
500 2423 709 2477 religionis
749 2424 977 2465 constantia
1016 2426 1154 2465 edocet
1191 2431 1229 2465 et
1268 2423 1489 2465 luculenter
1525 2422 1613 2474 ipse

164 2493 341 2535 declar-at
374 2495 497 2545 poeta
536 2504 582 2532 eo
622 2491 733 2543 loco,
780 2505 856 2544 quo
898 2492 1005 2533 cives
1038 2491 1212 2534 sublatis
1242 2490 1366 2532 ramis
1394 2491 1515 2533 humo
1540 2500 1614 2528 as-

165 2575 326 2614 surgere
358 2573 385 2602 a.
412 2572 508 2614 rege
538 2560 726 2602 iubentur
750 2560 838 2601 his:
877 2559 966 2603 ἄλλ’
993 2560 1048 2610 ὥς
1076 2559 1277 2618 τάχιστα,’
1301 2557 1470 2608 παῖδες,
1499 2555 1614 2608 ’ὑμεῖς

164 2632 239 2687 μὲν
274 2624 689 2687 βάθρωνἻστασθε,
736 2626 919 2675 τούσδ’
958 2627 1179 2686 ἄραντες
1220 2630 1444 2685 {nqeue
1480 2620 1614 2668 κλά-

165 2698 307 2747 δους.
389 2697 501 2751 Ergo
553 2698 632 2739 hoc
682 2698 866 2749 inculco,
910 2697 1131 2738 sententiae
1169 2693 1380 2745 Plutarchi
1417 2694 1465 2736 de
1511 2692 1613 2736 Aud.

162 2767 276 2807 Poet.
307 2762 356 2806 V.
386 2763 476 2812 Vol.
495 2765 586 2810 vll.
615 2779 659 2818 p,
679 2773 770 2818 85„
811 2778 837 2807 a
868 2778 944 2817 quo
976 2765 1193 2817 Sophoclis
1223 2774 1383 2805 versum
1410 2761 1516 2812 male
1546 2761 1614 2802 in-

162 2832 365 2874 tellectum
410 2836 453 2872 ut
506 2833 635 2873 (licam
681 2833 797 2874 nulla
844 2845 1020 2885 unquam
1064 2830 1367 2884 extorquebitur
1410 2829 1614 2880 machina,

162 2901 270 2943 haud
301 2899 389 2940 leve
421 2897 709 2942 firmamentum
738 2913 788 2942 ac
816 2902 939 2941 robur
967 2900 1050 2941 iam
1081 2912 1108 2940 a
1137 2899 1254 2941 nobis
1283 2897 1478 2939 adiectum
1507 2910 1615 2940 esse.
