1824 3347
842 220 903 268 11

156 331 543 389 Spartae-Thebani
569 331 800 374 referebant
821 338 931 372 terra
955 330 1082 373 editos
1102 345 1205 387 esse,
1231 332 1456 374 Pausanias
1475 329 1599 385 paul-

155 405 283 448 lulum
315 404 364 448 de
394 402 462 445 via
486 405 740 444 dextrorsum
775 401 985 443 declinans
1015 402 1195 455 pervenit
1223 405 1276 445 ad
1300 403 1445 450 collem
1471 403 1600 444 Isme-

161 475 270 535 nium
298 474 565 527 templumque
592 472 797 526 Apollinis
834 486 869 515 c.
902 480 968 525 10,
996 480 1037 516 2.
1065 486 1107 525 Ρ.
1134 479 1228 526 35.,
1259 480 1498 526 quapropter
1521 488 1600 514 uo·-

162 544 304 586 tandus
333 550 395 584 est
420 542 581 584 Natalis
611 544 658 584 de
686 542 934 596 Cominium,
966 544 1071 596 quod
1096 545 1220 585 verba
1244 543 1475 584 Aristotelis
1502 543 1599 586 Μὶν.

162 611 282 667 Auso,
317 611 476 655 CXLV.
505 625 544 664 Ρ.
576 617 671 654 294.
710 611 873 653 Beckm.
902 612 1060 670 λέγεται
1088 611 1237 662 αὖτοὺς
1269 613 1514 668 εἶςαχθῆναι
1541 614 1602 663 εἷς

161 676 211 722 τὸ
240 678 490 735 καλούμενον
510 675 778 735 Ἰσμήνιον
815 681 868 722 ἓν
902 678 1051 737 Θήβα
1064 698 1107 730 ις
1136 680 1197 721 sic
1223 679 1412 720 reddidit:
1448 679 1601 720 dicun-

162 756 235 789 tur
271 750 346 793 illi
381 752 431 790 in
458 748 697 790 Ismeniam
735 748 899 793 dictum
935 752 1058 797 iutra
1089 747 1258 791 Thebas
1286 746 1428 806 fuisse
1456 752 1602 789 intro-

162 816 295 863 ducti.
353 817 541 861 Occurret
569 822 702 860 tamen
730 815 797 858 liic
822 817 938 858 nobis
969 817 1119 870 aliquis
1149 817 1378 871 proferens,
1409 818 1516 869 quod
1543 822 1606 858 est

164 888 272 941 apud
301 886 541 942 Sophoclem
561 886 670 929 'Oed.
701 886 807 939 Reg.
837 893 906 933 20.
934 886 981 933 τὸ
1006 886 1044 931 δ’
1074 886 1177 933 ἄλλο
1206 887 1337 942 φῦλον
1374 887 1608 943 ἐξεστεμμέ-

165 973 239 1017 νον
272 952 532 1010 ἀγοραῖοι
569 957 703 1000 &aasz
726 951 837 1011 πρός
875 972 920 999 τε
948 953 1171 1006 Παλλάδος
1200 954 1362 1007 διπλοῖς
1390 961 1509 1005 ναοῖς
1535 956 1609 999 ἐπ’

163 1021 408 1080 Ἰσμηνοῦ
436 1040 491 1067 τε
517 1027 745 1080 μαντείᾳ
773 1023 970 1081 σποδῷ.
1028 1024 1115 1076 Quo
1148 1025 1232 1065 loco
1260 1024 1396 1066 nescio
1427 1037 1481 1066 an
1510 1024 1608 1066 1iul-

168 1092 233 1133 lus
260 1104 398 1140 curam
431 1090 688 1144 interpretum
723 1105 805 1132 non
843 1092 972 1133 dicam
1011 1092 1312 1133 imbecilliorem
1343 1093 1414 1133 sed
1443 1092 1609 1133 siniste-

166 1159 314 1201 riorem
341 1172 512 1212 usquam
542 1159 595 1201 sit
632 1166 838 1213 expertus,
902 1160 1063 1203 Etenim
1101 1176 1188 1203 cum
1221 1159 1391 1213 reliquis
1429 1161 1612 1202 omnibus

167 1227 408 1268 Paschalius
439 1227 590 1270 coron.
619 1227 687 1271 lv.
717 1234 784 1271 12.
812 1242 853 1281 Ρ.
880 1235 978 1273 240.
1005 1231 1067 1271 ed.
1095 1229 1383 1282 Lugd.'1661.
1443 1229 1613 1270 Theba-

169 1308 311 1335 norum
345 1294 668 1336 multitudinem
696 1296 846 1354 (scribit
885 1299 935 1336 in
972 1293 1074 1352 foro
1111 1297 1269 1337 sedisse
1306 1299 1441 1336 iuxta
1469 1298 1612 1348 gemi-

170 1377 274 1404 num
308 1362 539 1405 Minervae
574 1358 797 1415 delubrum
833 1371 876 1404 et
914 1364 974 1404 ad
1010 1363 1175 1405 Ismeni
1221 1361 1437 1420 fatidicas
1478 1378 1612 1415 aras,-

171 1437 289 1484 atque
327 1431 411 1472 scio
449 1430 689 1473 insolentiae
734 1432 889 1472 numeri
927 1432 1100 1485 pluralis
1152 1432 1337 1473 idoneam
1382 1432 1616 1472 excusatio-

170 1511 264 1539 nem
289 1498 427 1551 parari
456 1501 507 1540 ab
532 1498 714 1551 exemplo
739 1499 925 1552 Homeri,
957 1499 1025 1552 qui
1052 1500 1281 1541 Phaeacum
1311 1499 1440 1541 forum
1469 1497 1619 1556 ἀγοράς

171 1565 441 1626 appellaverit
480 1566 628 1622 odyss.
655 1566 760 1610 VIII.
803 1574 870 1610 16.
946 1568 1072 1618 Est03
1112 1568 1154 1608 in
1185 1567 1271 1608 foro
1303 1569 1378 1608 duo
1407 1568 1615 1609 Minervae

172 1636 340 1677 delubra
365 1635 538 1680 fuerunt.
601 1637 653 1680 At
680 1651 773 1679 vero
805 1637 993 1690 templum
1022 1637 1158 1679 Oucae
1188 1624 1396 1679 Minervae
1435 1637 1478 1678 in
1505 1637 1616 1678 Cad-

172 1716 284 1757 mea,
319 1703 617 1745 Alalcomeniae
655 1705 698 1749 in
735 1706 832 1745 urbe
861 1705 1035 1767 positum
1072 1705 1168 1753 fuit3
1208 1705 1443 1746 Homoloiae
1483 1711 1616 1746 autem

173 1772 303 1814 minor
329 1779 390 1813 est
415 1772 616 1827 dignitas,
646 1786 766 1827 quam
793 1786 893 1826 quae
921 1774 1042 1815 huius
1067 1774 1146 1815 loci
1174 1775 1364 1816 honorem
1388 1774 1472 1815 sibi
1502 1780 1620 1828 queat

175 1911 348 1962 proprias
373 1910 555 1960 quasdam
579 1908 636 1945 sui
660 1907 810 1957 generis
836 1913 946 1943 notas
970 1905 1103 1950 iactat,
1126 1904 1262 1955 quibus
1288 1919 1308 1942 a
1334 1914 1467 1943 natura
1485 1906 1619 1954 provi-

176 1982 261 2007 sum
295 1975 409 2018 atque
446 1972 687 2013 praecautum
722 1965 788 2010 sit,
814 1978 863 2001 ne
889 1966 1041 2013 quando
1073 1975 1277 2011 puerorum
1308 1963 1375 2000 fiat
1415 1963 1617 2001 subiectio.

177 2029 273 2063 Sunt
296 2032 422 2061 autem
447 2035 516 2060 eae
540 2029 655 2059 notae
678 2024 785 2070 lepra
810 2028 848 2058 et
871 2020 1032 2068 vitiligo,
1057 2032 1154 2069 quae
1178 2023 1366 2070 quamvis,
1392 2028 1431 2056 ut
1452 2020 1551 2057 Celsi
1570 2020 1618 2056 de

177 2083 374 2120 Medicina
392 2083 440 2117 V.
460 2083 517 2125 28,
544 2083 598 2118 19.
625 2082 752 2128 p.541.
779 2082 908 2115 Kraus.
934 2077 1063 2115 verbis
1087 2084 1188 2121 utar,
1218 2090 1292 2127 per
1314 2089 1354 2112 se
1379 2078 1523 2112 nullum
1546 2089 1620 2125 pe-

179 2141 343 2177 riculum
364 2138 560 2185 afferunt,
586 2145 715 2174 tamen
729 2137 879 2184 foedae
903 2142 991 2171 sunt
1014 2141 1050 2170 et
1079 2147 1134 2171 ex
1157 2136 1260 2171 malo
1287 2137 1459 2185 corporis
1487 2135 1622 2171 habitu

169 2194 298 2241 fiunt,
324 2203 487 2245 suntque
524 2196 644 2237 αἶσχος
672 2195 813 2241 μᾶλλον
839 2194 863 2239 ἢ
891 2192 1118 2238 νουσήματα,
1146 2198 1186 2227 ut
1217 2193 1269 2227 ait
1298 2192 1550 2239 Hippocrates
1575 2192 1624 2227 de

180 2252 301 2290 affect.
328 2254 383 2297 54.
414 2255 459 2290 T.
487 2255 534 2288 11.
560 2265 597 2300 p.
622 2254 699 2289 182.
727 2251 839 2289 Lind.
894 2249 967 2297 Qui
992 2249 1181 2285 adduntur
1207 2259 1351 2296 ungues
1375 2247 1504 2296 magni
1535 2246 1623 2289 ‹ivp-

176 2323 236 2355 κες
262 2310 410 2356 ,caynam
435 2313 564 2359 quales
596 2309 689 2353 sint,
723 2320 745 2344 a
774 2306 1023 2344 neminedum
1057 2309 1300 2356 exploratum
1327 2312 1395 2343 est.
1461 2304 1623 2341 Minime

179 2371 274 2408 vero
298 2370 389 2404 latet
414 2368 555 2417 (neque
585 2367 687 2404 enim
722 2367 795 2403 huc
828 2365 1022 2414 pertinent
1056 2367 1251 2402 oculorum
1274 2376 1387 2411 pura,
1413 2363 1461 2399 de
1486 2360 1622 2411 quibus

180 2425 339 2465 Foesiu's
362 2425 403 2461 in
428 2425 649 2473 Hippocrat.
675 2424 860 2461 Praedict.
878 2426 926 2460 11.
953 2426 1051 2461 Sect.
1070 2426 1119 2460 11.
1143 2425 1249 2472 p.84.
1263 2423 1327 2467 D.)
1353 2420 1622 2468 intelligendos

183 2495 268 2523 esse
292 2494 435 2532 ungues
464 2483 618 2519 scabros
639 2480 768 2525 ὄνυχας
788 2482 935 2530 λεπροὺς
950 2509 960 2527 ,
987 2495 1082 2533 quos
1106 2482 1282 2519 meminit
1298 2480 1547 2527 Hippocrates
1572 2478 1623 2514 de

182 2541 335 2592 Liquid.
356 2543 431 2577 Usu
444 2541 532 2577 Vol.
547 2541 596 2576 Π.
611 2552 648 2587 Ρ.
659 2543 734 2578 160.
750 2541 911 2586 Κυθὴη.,
938 2539 1128 2588 siquidem
1142 2539 1239 2574 haec
1253 2538 1377 2573 omnia
1392 2536 1624 2585 impetiginis
1638 2550 1641 2554 ·

181 2611 326 2648 genera
345 2599 517 2635 oriuntur
535 2598 575 2632 in
599 2597 764 2647 pedibus
790 2604 826 2632 et
852 2597 1035 2634 manibus
1055 2603 1170 2648 atque
1192 2606 1334 2643 ungues
1350 2605 1499 2644 quoque
1518 2591 1626 2639 infe-

184 2663 308 2702 stant,
341 2662 493 2693 auctore
513 2656 624 2693 Celso
645 2655 695 2692 de
712 2655 906 2692 Medicina
929 2657 955 2691 1.
978 2667 1012 2692 c.
1034 2657 1088 2691 17.
1121 2667 1159 2701 p.
1176 2655 1254 2691 559.
1273 2664 1353 2700 sq.,
1387 2651 1448 2688 cui
1478 2650 1628 2688 accedit

184 2714 322 2756 Pollux
344 2715 411 2750 IV.
438 2713 493 2758 25,
518 2714 551 2749 5.
576 2724 614 2760 p.
632 2714 710 2750 219.
731 2712 883 2756 λειχῆνες
902 2715 1059 2759 τραχεῖς,
1084 2709 1194 2745 πολλὰ
1214 2703 1373 2748 ἑλκώδης
1399 2727 1445 2735 --
1473 2709 1627 2753 φθεί-

186 2780 349 2817 ροντες
389 2770 492 2809 τοὺς
523 2766 706 2812 ὄνυχας.
754 2760 829 2807 Eos
851 2769 1123 2819 iginii-'ungues
1144 2773 1289 2804 tantum
1318 2764 1426 2802 abest
1445 2773 1486 2803 ut
1509 2767 1627 2802 homo

186 2827 273 2865 siue
288 2830 418 2865 ulcere
443 2828 615 2865 detrahat
639 2826 752 2872 (Plin.
775 2829 860 2865 Nat.
878 2827 975 2865 Hist-
991 2828 1149 2870 XX,85.
1165 2825 1286 2862 T.V1.
1306 2836 1346 2872 p.
1364 2824 1445 2861 648.
1460 2823 1627 2868 Franz.),

187 2890 231 2928 nt
252 2891 385 2934 pascat
409 2885 617 2924 curationis
641 2884 855 2926 securitate.
