1824 3347
904 242 972 291 24

205 353 365 407 lanippi
391 355 544 396 Astaoo
579 355 664 398 nati
703 354 919 412 (Aeschyl.
951 354 1065 409 Sept.
1096 360 1195 398 403.
1211 354 1476 410 ·Wesseling.
1505 356 1548 398 iu
1576 354 1662 398 He-

207 424 295 467 rod.
327 437 368 476 p.
391 423 512 479 616.)
548 425 700 468 bellica
734 427 868 480 gloria
895 424 1192 476 florentissimi,
1231 425 1299 477 qui
1329 435 1450 477 quum
1479 427 1663 481 Tydenm

205 499 244 534 et
274 491 511 549 Meeistoum
541 493 707 537 Adrasti
736 495 900 536 fratrem
928 492 1195 535 interfecisset
1224 486 1425 546 (Pansan.
1457 509 1492 538 e.
1521 502 1587 548 18,
1620 501 1659 538 1·-

203 576 243 615 p.
264 568 335 606 63.
374 562 528 607 Herod.
548 563 599 608 V.
616 564 723 621 67.)
762 577 907 605 caesus
945 569 1008 605 est
1037 564 1090 605 ab
1116 562 1378 617 Amphiarao.
1415 576 1455 607 v.
1481 564 1662 609 Pausan-

202 631 233 673 l.
264 645 299 673 e.
351 632 576 688 Pherecyd.
606 633 752 686 fragm.
782 632 974 675 XXXIX.
999 644 1042 685 p.
1064 637 1163 675 157.
1211 631 1354 674 Tzetz.
1384 630 1428 672 in
1455 631 1661 686 Lycophr.

205 705 331 742 1066.
361 692 493 756 Heyn.
532 707 632 745 nott.
675 702 727 743 ad
765 700 956 754 Apollod.
999 713 1039 753 p.
1060 706 1159 743 630.
1210 699 1304 741 -Pro
1343 698 1539 741 Meeisteo
1577 699 1661 741 Ae-

201 769 380 821 gialenm
417 770 583 811 Adrasti
622 770 751 823 filium
796 769 985 827 imperite·
1027 769 1146 810 affert
1184 768 1417 810 Scholiasta
1452 768 1660 821 Euripidis

201 838 358 881 Phoen.
392 845 517 881 1672.
553 846 636 881 not.
661 847 701 882 8.
740 853 781 892 p.
805 845 903 882 325.
971 839 1085 880 Haeo
1124 840 1193 891 qni
1233 838 1434 879 subtiliter
1471 838 1661 891 exposuit

202 905 503 948 Valckenarius
534 907 577 948 in
604 908 759 950 Phoen.
791 920 832 960 p.
854 913 969 959 785„
998 912 1213 970 postquam
1242 906 1286 947 in
1312 905 1494 948 fraudem
1522 905 1658 947 neseio

206 988 326 1026 quam
361 975 562 1027 impulsus
592 977 755 1018 tradidit
783 976 1020 1029 Aegialeum
1045 975 1176 1029 Tydei
1202 975 1329 1016 filium
1355 974 1505 1027 fuisse,
1544 987 1661 1028 quem
1699 990 1703 994 ·

205 1049 319 1094 patre
357 1042 533 1084 Adrasto
571 1044 753 1096 genitum
790 1057 885 1100 esse
917 1057 1052 1084 omnes
1087 1042 1341 1083 consentiant
1369 1042 1427 1099 (v.
1456 1042 1659 1086 Hellanic.

206 1111 352 1164 fragm.
393 1111 478 1154 Cn.
516 1126 557 1165 p.
584 1120 680 1156 139.
701 1127 762 1166 sq.
811 1113 961 1167 Hygim
996 1113 1101 1155 Fau.
1135 1112 1284 1154 LXXI.
1321 1126 1363 1165 Ρ.
1386 1119 1481 1155 122.
1528 1112 1659 1166 Heyn.

206 1184 306 1219 nott.
336 1180 388 1218 ad
413 1178 605 1232 Apollod.
635 1181 702 1221 111.
732 1187 772 1232 7,
805 1187 844 1222 2.
875 1193 915 1233 Ρ.
937 1178 1078 1234 643.),
1104 1193 1247 1233 parum
1276 1179 1355 1221 sibi
1383 1180 1663 1222 convenienter

206 1245 493 1299 interpretatus
524 1254 586 1289 est
615 1248 891 1301 Tryphiodori
928 1261 1087 1290 versum
1120 1254 1230 1301 160„
1260 1249 1308 1289 de
1346 1262 1423 1301 qno
1451 1248 1533 1290 iam
1563 1261 1662 1290 aeu-

207 1314 362 1355 tissime
394 1316 633 1369 disceptavit
660 1316 924 1357 Werniekins
955 1330 996 1369 p.
1015 1322 1186 1369 178.·sq.
1244 1316 1394 1357 Postea
1421 1315 1661 1369 Melanippo

208 1380 366 1422 Thebis
389 1382 604 1437 Sicyonem
634 1385 817 1424 traducto
839 1383 1033 1424 sacellum
1049 1383 1224 1424 dicatum
1254 1395 1449 1436 sacraque
1478 1383 1663 1425 instituta

208 1462 299 1490 esse
338 1463 364 1491 a
391 1450 625 1504 Clisthene,
664 1452 733 1505 qni
771 1451 812 1493 id
850 1461 1007 1505 ageret,
1045 1459 1090 1493 ut
1118 1453 1282 1494 Adrasti
1309 1452 1451 1505 Argivi
1485 1451 1663 1494 hominis

208 1517 315 1560 festa
341 1521 544 1573 aboleret,
572 1528 712 1562 narrat
734 1520 960 1562 Herodotus
986 1521 1036 1563 V.
1069 1527 1138 1564 67.
1196 1521 1258 1563 Ab
1285 1521 1362 1562 hoe
1387 1521 1536 1562 tumulo
1565 1535 1663 1574 pro-

209 1588 317 1627 xime
357 1590 497 1631 aberat
530 1590 706 1630 tumulus
748 1589 878 1644 Tydei
907 1590 1102 1643 (Pausan.
1134 1604 1169 1632 r.
1191 1597 1266 1642 18,
1303 1597 1344 1633 2.
1374 1603 1415 1642 Ρ.
1440 1591 1556 1648 63.),
1594 1593 1661 1645 qui

206 1656 333 1697 allato
365 1658 498 1710 capite
527 1658 779 1711 Melanippi,
821 1671 846 1699 a
877 1672 954 1710 quo
988 1659 1234 1699 mortiferum
1262 1659 1409 1699 vulnus
1439 1667 1663 1714 aeceperag

207 1728 413 1767 cerebrum
448 1727 641 1768 hausisse
679 1727 816 1783 (Sext.
846 1727 1003 1780 Empir.
1033 1727 1178 1782 Pyrrh.
1207 1727 1410 1783 Hypotyp'.
1439 1727 1506 1771 ΙΙΙ.
1534 1743 1568 1771 c.
1591 1735 1663 1775 24.

209 1799 309 1835 208.
350 1801 510 1845 Ρ.179.
562 1794 740 1837 Salmas.
780 1796 832 1836 ad
869 1794 1038 1837 Dosiad.
1079 1795 1147 1837 Ar.
1195 1809 1276 1838 sec.
1314 1808 1355 1847 Ρ.
1390 1801 1484 1839 229.
1517 1810 1579 1849 sq.
1618 1797 1668 1838 in
1727 1803 1729 1806 ’

210 1860 346 1902 cranii
382 1862 494 1905 Mus.
523 1862 676 1905 Philol.
707 1870 745 1904 et
770 1863 877 1906 nist.
907 1863 937 1905 1.
977 1852 1196 1906 Burmann.
1227 1863 1270 1903 in
1298 1863 1415 1906 Ovio.
1442 1865 1500 1907 lb.
1528 1865 1662 1921 517.)‚

208 1943 237 1970 a
264 1930 475 1970 nonnullis
502 1930 624 1971 etiam
642 1931 922 1983 Melanippum
950 1931 1039 1983 ipse
1064 1931 1324 1972 moribundus
1350 1931 1546 1973 occidisse
1576 1938 1664 1973 tra-

210 1998 314 2039 ditur
339 1997 502 2053 (Barth.
524 1998 564 2038 in
578 1998 679 2041 Stat.
710 1998 845 2041 Theb.
875 1997 978 2040 Vm.
1010 2004 1109 2041 718.
1138 1998 1192 2040 Τ.
1212 1997 1279 2039 111.
1309 2010 1350 2050 Ρ.
1369 1998 1503 2052 932.).
1563 1998 1663 2039 Om-

208 2067 300 2117 nia,
331 2080 434 2118 quae
460 2068 514 2107 ad
543 2067 650 2107 hanc
678 2066 858 2108 fabulam
887 2066 1108 2119 perti-nent,
1148 2066 1346 2118 disposuit
1375 2065 1550 2108 Carolus
1575 2067 1663 2108 Au-

209 2135 352 2176 tonioli
380 2135 423 2175 in
449 2135 576 2188 libro,
619 2135 686 2188 qui
713 2135 965 2177 inscribitur:
1004 2134 1139 2177 antica
1175 2147 1334 2187 gemma
1369 2140 1527 2176 etrusca
1555 2135 1665 2188 spie-

208 2210 309 2257 gata
335 2206 384 2245 ed
414 2204 623 2246 illustrata
652 2218 729 2246 eon
758 2206 833 2246 due
860 2203 1169 2245 dissertazione.
1209 2202 1329 2260 ‘Pisa
1366 2209 1491 2246 1757.
1551 2204 1667 2245 The-

207 2272 271 2313 bis
302 2278 437 2313 autem
477 2273 677 2325 sepultum
705 2272 833 2314 fuisse
863 2273 1046 2328 Tydeum
1065 2270 1328 2324 'antiquitatis
1353 2271 1680 2328 investigatores,

209 2341 497 2383 confirmarunt
534 2341 698 2383 Homeri
727 2342 774 2385 ll.
805 2341 912 2384 XIV.
945 2347 1046 2384 414.
1074 2339 1322 2393 testimonio,
1362 2341 1467 2392 quod
1501 2340 1664 2382 Homeri

208 2425 301 2453 esse
337 2418 589 2463 negaverunt
613 2411 843 2453 Zenodotns
875 2417 913 2451 et
941 2410 1252 2463 Aristophanes,
1318 2407 1538 2461 Euripides
1566 2422 1662 2450 vero

208 2480 403 2534 cyclicos,
439 2486 554 2533 puto,
585 2486 727 2532 poetas
759 2486 952 2531 sequutus
977 2479 1160 2531 Tydeum
1179 2475 1387 2519 Eleusine
1414 2479 1664 2518 combustum

207 2553 246 2587 et
276 2560 373 2588 ossa
392 2548 478 2588 eius
496 2546 631 2599 Argos
655 2553 860 2598 reportata
886 2546 1036 2587 scribit.
1066 2545 1172 2588 conf.
1189 2545 1423 2587 Markland.
1454 2545 1497 2585 in
1516 2544 1662 2596 Suppl.

208 2620 307 2660 899.
339 2630 379 2669 Ρ.
402 2622 499 2660 163,
558 2617 771 2658 Addebaut
800 2615 986 2657 Thebani
1018 2628 1164 2668 eorpus
1196 2621 1325 2656 terrae
1354 2615 1548 2656 redditum
1572 2628 1664 2656 esse

206 2697 232 2724 a
258 2683 434 2724 Maeone
473 2683 677 2741 (Pausan.
708 2683 737 2726 l.
773 2697 807 2725 c.
839 2697 879 2736 Ρ.
907 2690 974 2726 63.
999 2681 1108 2739 sq.),
1147 2697 1262 2736 quem
1293 2683 1459 2736 Tydeus
1497 2682 1664 2724 iuterfe-

205 2752 299 2805 etis,
327 2752 395 2805 qui
425 2753 504 2794 sibi
534 2753 737 2807 legatione
765 2754 817 2795 ad
842 2753 1051 2795 Eteoolem
1081 2753 1216 2795 functo
1247 2759 1285 2794 et
1314 2752 1559 2794 Graecorum
1589 2764 1662 2792 ea-

203 2831 289 2863 stra
318 2822 514 2875 repetenti
543 2823 715 2863 insidias
747 2823 950 2874 fecerant,
982 2823 1168 2864 omnibus
1197 2836 1321 2863 unum
1352 2823 1513 2863 salvum
1543 2820 1662 2862 dimi-

200 2892 338 2935 sisset.
377 2906 416 2936 ν.
455 2891 586 2946 Heyn.
616 2898 718 2936 nott.
757 2894 809 2934 ad
837 2893 1026 2946 Apollod.
1061 2892 1127 2936 111:
1160 2899 1209 2945 6,
1252 2898 1292 2936 5.
1323 2905 1361 2945 Ρ.
1384 2897 1482 2934 616.
1555 2889 1662 2930 lusi-
