1824 3347
851 322 913 395 3¹

161 446 297 495 esseut
324 438 593 496 Graecorum,
621 444 704 480 tum
730 436 862 479 stadia
885 435 1045 478 fuerunt
1072 435 1333 490 Epidaurium
1354 437 1603 493 Olympium-

164 523 236 562 que
266 507 464 561 (Pausan.
494 509 521 553 l.
547 510 596 554 d.
618 514 656 549 et
686 505 745 559 11.
777 512 848 558 27,
877 512 925 548 6.
972 503 1063 550 Vol.
1095 503 1128 546 I.
1160 519 1201 558 p.
1231 513 1327 549 323.
1364 507 1433 551 Vl.
1462 513 1532 560 20,
1561 513 1602 550 5.

162 575 254 619 Vol.
280 575 352 618 111.
373 566 413 629 Ρ.
432 577 538 635 94.).
596 576 731 618 Extra
757 577 896 617 urbem
921 574 1000 616 hoc
1026 574 1280 630 gymnasium
1303 575 1428 617 fuisse
1456 576 1604 619 confir-

162 651 246 688 mat
266 645 491 700 Xenophon
518 646 626 689 Hist.
658 645 729 690 Gr.
756 644 805 690 V.
835 651 875 697 2,
907 651 996 687 25.=
1043 644 1129 695 ‘ng
1163 642 1201 686 δ’
1233 645 1418 700 ἐγένοντο
1448 648 1491 689 ἐν
1514 654 1607 697 ταῖς

171 711 329 771 Θήβαις
365 711 793 771 ἕᾶτρατοπεδεύσαντο
822 713 896 769 μὲν
926 715 999 765 ἔξω
1028 716 1101 772 τῆς
1130 709 1288 761 πόλεως
1314 712 1403 765 περὶ
1430 714 1475 756 τὸ
1500 733 1605 770 γυμ-

163 781 319 837 νάσιον,
349 786 417 828 ubi
436 787 541 839 quod
562 783 809 838 significetur
828 784 1079 839 gymnasium
1098 796 1180 824 non
1199 781 1305 835 fugit
1325 782 1607 827 Schneiderum

165 865 205 904 Ρ.
225 858 320 897 335.
378 854 486 895 Idem
514 853 818 906 intelligendum
847 839 909 894 est
934 852 977 893 in
1000 852 1087 893 loco
1105 851 1311 892 Plutarchi
1341 851 1483 906 (Reip.
1513 852 1607 898 Ger.

164 921 305 967 Praec.
336 922 408 967 III.
438 922 528 966 Vol.
562 922 655 967 XII.
685 936 727 976 Ρ.
763 923 880 978 141.)
906 923 1006 964 hoc:
1042 920 1376 976 Ἐπαμεινώνδου
1404 919 1611 967 ἀναστάν-

165 1006 234 1040 τος
260 994 304 1035 ἐκ
334 995 409 1036 τοῦ
436 989 622 1047 θεάτρου
651 992 718 1034 καὶ
748 989 821 1035 διὰ
847 994 919 1048 τῆς
955 991 1165 1047 ἐκκλησίας
1204 992 1261 1041 εἷς
1302 988 1350 1033 τὸ
1379 990 1613 1049 γυμνάσιον

166 1058 387 1113 ἀπιόντος,
419 1061 486 1114 qui
516 1061 630 1102 locus
662 1060 761 1103 alibi
789 1059 1105 1114 pertractabitur.
1165 1058 1281 1100 Ultra
1310 1061 1491 1102 dextram
1522 1067 1613 1103 sta-

165 1129 220 1170 dii
247 1130 502 1184 partem-fuit
527 1131 813 1184 hippodromus
844 1129 1042 1185 (Pausan.
1070 1142 1105 1172 c.
1133 1134 1202 1181 23,
1224 1135 1262 1172 2.
1284 1141 1325 1181 Ρ.·
1344 1135 1412 1172 80.
1442 1129 1611 1183 Βίεξιειι.

169 1212 310 1243 comm.
330 1200 373 1241 iu
399 1185 563 1243 Pindar.
591 1201 709 1254 Pyth.
741 1200 792 1243 II.
816 1206 855 1243 3.
884 1213 922 1253 p.
947 1198 1067 1256 184.)
1097 1205 1135 1239 et
1162 1199 1204 1239 in
1232 1198 1362 1240 stadio
1391 1200 1518 1240 medio
1547 1200 1611 1254 (in

167 1269 373 1322 gymnasio
401 1270 616 1310 secundum
633 1268 764 1310 Durin
795 1268 825 1312 l.
853 1282 948 1309 mox
977 1266 1066 1323 cit.)
1095 1266 1197 1309 Iolai
1217 1268 1444 1320 sepulcrum
1468 1281 1493 1309 a
1511 1268 1611 1310 Pin-

168 1338 265 1389 daro
293 1337 449 1388 egregie
480 1336 719 1378 celebratum
747 1336 906 1391 (Schol.
936 1335 1094 1389 Olymp.
1117 1335 1187 1377 IX.
1213 1341 1308 1377 143.
1330 1349 1369 1388 Ρ.
1392 1338 1531 1388 396.),
1562 1338 1612 1377 de

169 1415 245 1455 quo
283 1402 434 1455 loquuti
465 1408 556 1443 sunt
591 1402 820 1444 Boeckhius
859 1402 1022 1456 Explic.
1054 1401 1210 1457 Olymp.
1242 1402 1332 1445 vu,
1372 1416 1413 1457 Ρ.
1444 1410 1540 1449 170.
1574 1411 1614 1447 et

168 1470 381 1512 Dissenius
397 1471 511 1513 Nem.
531 1471 598 1514 IV.
618 1485 658 1524 Ρ.
680 1477 778 1514 382.
833 1471 995 1526 “Ηρῷον
1015 1470 1198 1522 appellat
1216 1470 1449 1512 Pausanias
1469 1485 1509 1523 Ρ.
1531 1479 1615 1524 80.,

168 1541 273 1592 quod
303 1539 490 1581 Thebani
519 1554 599 1581 non
626 1539 845 1580 minoribus
873 1538 1027 1579 Iolaum
1056 1538 1233 1580 colerent
1256 1539 1477 1582 honoribus
1497 1540 1618 1597 (Sta-

167 1625 303 1654 veren.
343 1612 384 1651 in
410 1610 559 1665 Hygia.
590 1610 692 1652 Fah.
732 1609 840 1652 XIV.
879 1623 919 1662 Ρ.
965 1615 1033 1653 50.
1072 1611 1165 1652 add.
1195 1609 1399 1653 Plutarch.
1436 1611 1615 1658 Amator.

169 1680 297 1725 XVII.
326 1680 417 1730 Vol.
448 1680 539 1723 XII.
569 1694 609 1733 p.
633 1678 737 1734 39.),
768 1692 887 1732 quam
914 1678 1178 1720 Athenienses
1208 1678 1340 1733 (Suid.
1372 1693 1411 1723 V.
1437 1679 1612 1736 Ἰόλαος)

171 1749 395 1790 autSiculi
433 1754 470 1789 et
501 1748 621 1789 Sardi
659 1746 869 1803 (Pausan.
901 1747 950 1791 X.
985 1753 1050 1798 17,
1078 1752 1119 1790 4.
1150 1760 1189 1799 Ρ.
1224 1753 1319 1792 237.
1349 1746 1513 1792 Diodor.
1543 1749 1614 1795 lv.

170 1831 210 1870 Ρ.
235 1824 331 1859 231.
361 1817 469 1868 Ο.Ῥ.
498 1823 593 1858 236.
616 1815 697 1867 Q).
735 1815 823 1866 Quo
856 1815 1053 1867 pertinere
1077 1814 1296 1855 Phavoriui
1324 1816 1506 1868 glossam
1529 1817 1616 1862 ’Io-

169 1885 331 1931 λάειον·
371 1884 480 1941 ἱερὸν
520 1884 611 1940 (sic
647 1884 750 1925 enim
788 1883 1067 1937 integrandum
1096 1890 1158 1925 est
1186 1898 1259 1937 pro
1291 1881 1496 1930 Ἰόλλειον
1533 1888 1615 1931 vid.

170 1954 349 1995 Lobeck.
375 1952 416 1992 in
442 1952 657 2006 Phrynich.
678 1966 727 2004 -Ρ,
751 1954 868 2004 370.)
896 1966 978 1992 non
1008 1958 1153 1992 temere
1184 1952 1412 2004 suspicatus
1441 1962 1500 1996 est
1524 1956 1616 1997 Sie-

170 2020 339 2064 belisius
370 2021 521 2063 aduott.
552 2020 602 2061 ad
631 2019 811 2062 Pausan.
841 2017 934 2062 Vol.
962 2017 1031 2062 IV.
1060 2032 1101 2072 p.
1133 2024 1201 2065 73.
1221 2032 1261 2072 Ρ.
1288 2026 1384 2063 211.
1405 2035 1465 2075 sq.
1522 2022 1617 2067 Fuit

172 2104 267 2133 vero
303 2090 340 2131 is
382 2089 555 2130 tumulus
593 2089 861 2140 honorarius,
914 2094 958 2129 ut
995 2089 1108 2130 testis
1141 2095 1202 2129 est
1231 2088 1351 2130 Duris
1381 2103 1448 2142 ap.
1477 2084 1613 2136 Schol.

171 2161 336 2204 Pindar.
374 2158 486 2203 Nem.
527 2157 595 2202 IV.
637 2164 703 2202 32.
743 2172 784 2212 Ρ.
822 2165 944 2208 701.;
990 2158 1122 2199 iustus
1164 2164 1202 2199 et
1229 2172 1344 2199 verus
1374 2160 1478 2201 enim
1508 2163 1618 2215 apud

174 2229 347 2278 Sardos,
377 2227 445 2268 ubi
469 2227 607 2268 Iolaus
636 2229 804 2269 deducta
833 2226 1146 2278 Thespiensium
1184 2227 1384 2267 homiuum
1417 2235 1457 2268 et
1490 2229 1616 2271 Athe..

171 2295 369 2338 niensium
398 2294 557 2336 colonia
586 2301 624 2336 et
653 2294 811 2336 civitate
845 2293 1004 2347 optimis
1032 2293 1221 2335 institutis
1252 2299 1470 2348 temperata
1494 2294 1617 2353 (idem

173 2365 386 2420 gymnasia
414 2365 550 2416 ampla
577 2371 615 2405 et
644 2364 858 2417 magnifica
887 2363 1142 2404 exstruxisse
1170 2362 1319 2416 fertur)
1349 2365 1431 2405 vita
1457 2366 1616 2410 functus

174 2441 247 2477 est.
271 2434 351 2476 vid.
381 2433 559 2477 Pausan.
589 2433 676 2477 VII.
703 2440 742 2485 2,
768 2440 806 2476 2.
837 2432 926 2475 Vol.
953 2431 1025 2477 111.
1047 2446 1088 2486 Ρ.
1112 2439 1205 2475 134.
1246 2431 1316 2473 IX.
1340 2439 1407 2485 23,
1431 2442 1467 2477 1.
1486 2449 1524 2487 p.
1545 2442 1614 2479 80.

174 2495 227 2546 X.
260 2509 325 2553 17,
354 2508 394 2544 4.
423 2515 463 2553 Ρ.
497 2508 595 2544 237.
632 2502 799 2544 Aristot.
828 2501 922 2541 Mir.
954 2501 1077 2559 Ausc.
1110 2500 1210 2543 clv.
1254 2514 1294 2553 Ρ.
1327 2508 1423 2544 207.
1452 2503 1614 2547 Diodor.

176 2572 243 2618 IV.
275 2585 314 2626 p.
338 2577 433 2614 235.
465 2571 513 2614 B.
544 2570 667 2613 Duris
699 2570 732 2613 l.
760 2585 795 2615 c.
824 2571 1073 2614 Fatcbantur
1101 2570 1141 2612 id
1167 2571 1245 2624 ipsi
1265 2570 1460 2612 'Thebani
1486 2572 1617 2628 (Pau-

176 2655 265 2684 san.
307 2638 397 2683 Vol.
430 2637 497 2682 IV.
527 2652 568 2691 Ρ.
602 2641 713 2692 80.),
753 2652 990 2693 quamquam
1029 2639 1236 2681 adversari
1272 2638 1616 2696 PindarusPyth.

135 2758 139 2762 ἱ
176 2711 248 2753 ΙΧ.
279 2716 349 2754 78.
380 2723 440 2762 sq.
468 2709 645 2760 videtur,
677 2722 703 2750 a
740 2723 816 2762 quo
859 2709 996 2750 Iolaus
1032 2709 1256 2763 Eurystheo
1297 2710 1617 2756 occiso·Thebis

173 2786 281 2822 terra
321 2779 500 2821 conditus
542 2790 633 2818 esse
673 2778 830 2822 dicitur.
889 2777 950 2819 De
987 2778 1213 2831 Eurystheo
1252 2792 1402 2832 anceps
1443 2784 1618 2824 narratio

175 2853 258 2900 est,
289 2861 406 2900 quem
432 2845 630 2888 interfecit
660 2845 797 2889 Iolaus
827 2853 895 2889 aut
931 2861 1049 2900 quum
1076 2846 1315 2889 Heraclidas
1345 2849 1616 2893 vindicaturus

175 2918 284 2961 Iovis
324 2917 514 2961 beneficio
544 2918 596 2958 ad
624 2918 740 2960 breve
770 2925 926 2972 tempus
954 2919 1008 2959 inv
1025 2918 1153 2960 lucem
1184 2933 1237 2960 ex
1265 2920 1405 2962 inferis
1432 2924 1617 2965 rediisset

174 2992 244 3026 aut
273 2998 394 3038 quum
421 2998 548 3028 senex
582 2990 621 3026 et
649 2980 793 3027 affecto
824 2999 989 3039 corpore
1019 2987 1070 3027 ab
1089 2985 1183 3028 love
1206 2988 1362 3031 brevem
1387 2989 1529 3032 virium
1551 2991 1614 3032 vi-
