1824 3347
830 311 898 363 39

136 430 331 487 Polyaeni
365 428 415 474 V.
458 437 534 485 16,Ι
574 438 614 475 1.
654 432 821 484 Ρ.*495.
872 424 991 469 Conf.
1032 420 1180 470 Herod.
1193 425 1330 471 2v111.
1370 422 1595 471 suamve

138 497 329 545 xxxm.
359 506 399 544 ι.
466 500 548 543 Sed
573 496 863 552 impediebant
904 493 947 535 in
984 493 1063 534 has
1101 494 1285 547 regiones
1320 493 1585 549 proficiscen-

142 579 226 613 tem·
249 567 378 610 valles
414 568 644 610 interiectae
670 567 905 618 viarumque
935 561 1147 617 angustiae
1176 570 1214 605 et
1242 564 1446 607 anfractus
1474 564 1582 620 (Xe-

141 636 266 691 noph.
295 636 399 680 Hist.
427 636 498 680 Gr.
525 630 598 680 111.
631 640 679 687 5,
711 640 780 678 20.
812 631 1030 687 'Polyaem
1061 630 1114 676 ΙΙ.
1144 637 1199 685 1,
1233 637 1302 676 24.
1332 647 1372 687 Ρ,
1398 639 1496 678 133.
1515 646 1580 686 sq.

141 713 181 748 et
208 706 388 749 Frontin.
423 706 456 748 1.
486 710 527 756 4,
555 711 596 747 3.
652 702 847 756 Polyaen.
876 701 926 745 V.
960 708 1027 754 16,
1058 708 1099 745 1.
1130 714 1171 754 Ρ.
1186 706 1286 744 495.
1343 701 1460 744 Diod.
1485 701 1582 743 Liv.

140 774 188 819 ll.
217 771 314 829 cc.).
373 773 512 825 Itaque
548 784 630 812 non
673 772 887 812 obscurum
923 774 1005 821 est,
1042 782 1095 810 ex
1132 768 1275 822 quibus
1314 769 1440 822 portis
1474 768 1581 809 malo

140 843 271 884 omine
296 853 488 894 egressus
515 846 627 881 reeta
647 837 872 880 Coroneam
900 837 1143 879 contenderit
1164 836 1467 889 Epaminondas
1494 849 1583 876 cum

142 912 395 955 Cleombroto
425 921 520 961 rege
549 906 700 962 proelio
729 920 1020 961 congressurus
1051 905 1236 961 (Diodor'.
1256 905 1344 949 XV.
1373 904 1582 959 Ρ.367.1).

144 995 186 1035 Ρ.
208 987 304 1024 368.
321 979 406 1036 Β.).
466 977 626 1031 Quippe
655 988 745 1019 eam
772 979 823 1019 ad
852 980 990 1020 urbem
1018 990 1040 1018 e
1068 976 1223 1019 Neistis
1246 977 1321 1019 iter
1348 977 1527 1030 patebata

278 1187 548 1241 conspicuum
576 1188 673 1228 erat'
690 1190 941 1229 autem-ante
961 1185 1126 1228 Neistas
1157 1186 1323 1240 primum
1354 1189 1596 1242 sepulcrum

145 1256 364 1307 Memecei,
395 1255 462 1308 qui
482 1253 755 1307 quamnobili
782 1254 860 1295 leto
889 1253 1085 1295 extinctus
1115 1255 1335 1309 quibusque
1363 1257 1584 1300 honoribus

146 1326 312 1369 affectus
332 1325 396 1376 sit,
426 1338 530 1365 nunc
559 1337 638 1365 non
667 1328 822 1376 tempus
851 1329 915 1364 est
943 1336 1145 1367 enarrare.
1203 1324 1283 1366 Sed
1314 1326 1457 1378 quibus
1482 1341 1598 1381 opus·

148 1400 234 1446 est,
261 1406 310 1435 ea
340 1393 597 1445 suppeditant
625 1390 835 1433 Simsonus
864 1390 1016 1433 Chron.
1044 1393 1095 1435 Δ.
1123 1392 1184 1437 Μ.
1215 1400 1356 1446 2785.,
1392 1395 1587 1438 Davisius

147 1461 192 1503 in
215 1460 302 1503 Cic.
326 1460 452 1502 Tusc.
480 1457 672 1511 Dispp.l.
693 1463 779 1510 48„
804 1457 963 1508 lonsius
989 1459 1123 1511 Epist.
1152 1461 1204 1500 ad
1229 1460 1333 1503 Gud.
1360 1475 1398 1514 p.
1415 1469 1587 1517 21⁵.sq.

148 1531 196 1572 ln
232 1542 279 1570 eo
318 1528 441 1580 igitur
479 1527 628 1567 tumulo
667 1533 788 1567 enata
826 1531 911 1566 erat
943 1527 1077 1567 malus
1112 1528 1284 1580 punica,
1323 1529 1438 1571 cuius
1468 1544 1589 1583 poma

150 1596 271 1639 simul
304 1602 348 1637 ut
375 1599 646 1638 maturuerunt
672 1594 789 1647 rupto
827 1594 1027 1636 exteriore
1057 1596 1202 1639 cortice
1232 1598 1443 1650 sauguinis
1471 1601 1588 1653 quid-

150 1665 243 1706 dam
279 1663 408 1707 simile
449 1664 687 1714 exerebant,
736 1662 841 1715 quod
882 1662 1117 1704 miraculum
1152 1664 1281 1705 visum
1321 1679 1349 1707 a
1383 1667 1588 1711 Pausania

149 1734 207 1790 (c.
223 1739 291 1785 25,
321 1739 360 1776 1.
389 1746 430 1785 Ρ.
449 1731 541 1787 86.)
571 1730 794 1784 perscripta
824 1730 990 1783 dignum
1018 1732 1159 1774 habuit
1187 1733 1377 1775 Barthius
1408 1735 1450 1776 in
1481 1738 1584 1782 Stat,

151 1805 282 1846 Theb.
312 1802 364 1845 X.
390 1808 487 1845 751.
529 1802 582 1844 T.
601 1801 669 1844 111.
703 1814 743 1853 p.
763 1806 888 1844 1244.
938 1801 1018 1842 ιΕο
1056 1807 1188 1844 autem
1227 1803 1340 1856 loco,
1390 1805 1445 1846 in·
1470 1821 1585 1860 quem

148 1870 310 1926 publico
339 1869 478 1910 funere
509 1868 668 1923 (Schol.
697 1868 841 1920 Eurip.
873 1868 1025 1911 Phoen.
1060 1875 1184 1913 1319.
1214 1878 1294 1913 unt.
1320 1879 1388 1915 10.
1420 1887 1460 1926 Ρ.
1487 1881 1542 1918 27
1573 1906 1588 1919 .

151 1942 257 1983 Stat.
290 1939 422 1982 Theb.
448 1938 501 1981 X.
539 1943 638 1981 785.
660 1950 720 1989 sq.
761 1937 865 1980 conf.
905 1937 1058 1981 GoenS.
1099 1940 1147 1979 de
1186 1938 1411 1993 Cepotaph.
1441 1943 1506 1986 vl.
1547 1951 1588 1989 3.

150 2023 191 2064 Ρ.
207 2007 325 2062 145.)
360 2006 602 2047 Menoeceus
638 2005 768 2046 elatus
796 2011 878 2055 est,
920 2004 1206 2046 Thebanorum
1233 2020 1372 2060 regum
1400 2010 1590 2062 sepulcra

149 2077 280 2119 fuisse
304 2077 417 2117 docet
451 2073 603 2115 Statius
633 2072 766 2115 Theb.
797 2072 849 2115 X.
879 2079 977 2116 788.
1002 2087 1101 2127 sq.:.
1120 2074 1201 2127 „Hi
1231 2076 1372 2129 sertis,
1411 2078 1452 2118 bi
1481 2079 1587 2121 veris

150 2149 302 2191 honore
341 2145 473 2187 soluto
508 2142 772 2189 Accumulant
809 2150 921 2184 artus
963 2144 1244 2203 patriaque
1279 2146 1329 2187 in
1370 2150 1487 2189 sede
1520 2163 1588 2191 re-

150 2222 307 2272 ponunt
341 2215 498 2267 Corpus
533 2214 789 2264 adoratum“,
829 2225 930 2265 quae
956 2219 1071 2253 vetus
1097 2212 1327 2256 Scholiasta
1355 2229 1422 2269 ap.
1449 2217 1589 2264 Barth.

150 2301 193 2340 Ρ.
214 2290 339 2329 1254.
376 2284 436 2325 sic
467 2282 749 2335 interpretatus
795 2289 878 2323 est:
924 2282 1153 2333 „Maiomm
1191 2296 1350 2324 suorum
1390 2287 1590 2338 sepulcris

149 2352 346 2401 inferunt,
397 2349 463 2402 qui
505 2349 662 2390 fuerunt
694 2362 810 2402 reges
845 2348 1175 2391 Thebanorum.“
1238 2349 1300 2391 De
1339 2351 1482 2393 iisdem
1520 2367 1590 2394 se-

149 2419 301 2474 pulcris
324 2417 557 2458 Scholiasta
572 2416 687 2458 Pind.
708 2416 773 2459 Ol.
789 2415 855 2459 Vl.
877 2422 946 2458 22.
977 2429 1017 2468 Ρ.
1030 2422 1143 2467 287.,
1169 2416 1233 2457 cui
1262 2418 1454 2470 pristinae
1474 2419 1590 2459 ’scri-

149 2494 289 2541 pturae
317 2483 526 2536 integritas
552 2483 677 2536 snpra
701 2497 727 2525 a
754 2483 871 2525 nobis
898 2484 1083 2526 restituta
1113 2491 1187 2536 est,
1216 2491 1413 2538 tamqnam
1443 2488 1490 2527 de
1520 2501 1589 2529 se-

148 2558 221 2606 de,
256 2554 300 2594 in
338 2565 417 2606 qua
453 2552 656 2604 repositus
685 2552 921 2607 Polynices,
962 2553 1245 2606 cogitationem
1282 2555 1589 2608 suscepit,-ut-

148 2621 338 2678 potesqui
374 2621 452 2662 hoc
488 2623 611 2674 probe
642 2621 774 2663 animo
803 2628 974 2674 teneret,
1010 2636 1091 2663 non
1116 2622 1236 2676 longe
1261 2637 1286 2665 a
1316 2625 1465 2666 tumulo
1493 2626 1589 2668 Me-

150 2695 285 2736 noecei
317 2692 518 2734 Eteoclem
559 2700 599 2733 et
626 2692 855 2747 Polynicem
894 2694 1129 2735 occubuisse
1159 2700 1292 2735 mutuo
1332 2694 1410 2735 ictu
1452 2703 1590 2739 trans-

146 2763 267 2806 fixos.
326 2761 452 2805 cuius
492 2762 725 2803 certaminis
764 2770 811 2817 ut
843 2769 1020 2804 maneret
1048 2763 1261 2814 memoria,
1301 2765 1383 2816 pila
1412 2766 1468 2809 ibi
1498 2781 1588 2809 ere-

143 2837 210 2872 cta
238 2836 323 2871 erat
345 2842 465 2881 super
487 2828 676 2880 imposito
697 2836 812 2869 scuto
832 2829 990 2881 lapideo
1009 2830 1203 2884 (Pausan.
1231 2844 1265 2872 c.
1279 2837 1347 2874 25.
1371 2839 1410 2876 2.
1428 2847 1467 2886 p.
1481 2833 1586 2889 87.)‚

146 2896 363 2938 cuiusmodi
406 2895 593 2936 columna
630 2895 787 2948 insigne
823 2896 897 2937 fuit
924 2897 1229 2949 Epaminondae
1260 2901 1487 2952 sepulcrum
1508 2902 1584 2956 (id.

141 2966 243 3011 Vm.
275 2973 341 3009 11.
371 2972 410 3009 5.
449 2964 539 3007 Vol.
559 2964 628 3008 111.
660 2979 699 3018 Ρ.
728 2967 860 3019 313.).
926 2966 986 3007 De
1026 2967 1113 3009 loeo
1159 2980 1317 3021 pugnae
1347 2970 1388 3010 in
1420 2972 1585 3012 eandem
