1824 3347
867 274 902 323 9

162 394 257 435 bae
298 388 532 434 tumulos
570 387 771 443 petenti
807 387 930 433 Non
968 388 1104 431 satis
1152 395 1347 444 septem
1397 396 1614 446 patuere

162 463 358 511 portae.
418 458 600 510 Denique
629 458 718 499 illic
744 458 862 499 etiam
888 457 1133 498 Macedones
1164 459 1350 500 humatos
1382 462 1513 509 credo,
1544 457 1614 510 qui

161 527 283 580 bello,
305 529 544 581 quodmodo
565 527 754 579 diximus,
774 540 800 569 a
818 526 1029 568 Thebanis
1048 526 1245 568 interfecti
1265 536 1415 571 essent.
1439 544 1477 573 v.
1488 529 1612 571 Diod.

162 596 287 639 XVII.
314 610 353 649 p.
373 602 472 641 497.
512 596 558 641 C.
587 598 650 640 ed.
681 597 813 638 Rhod.
875 596 954 637 Sed
989 609 1015 637 a
1043 596 1330 637 Thebanorum
1360 598 1544 649 sepulcro
1575 602 1615 637 et

164 665 403 709 abrlsmeno
433 680 515 708 non
544 667 710 712 multum
741 665 919 707 distabat
959 679 1149 720 campus,
1194 679 1248 707 ex
1279 680 1354 719 quo
1389 666 1557 719 ingestis
1588 679 1615 708 a

165 737 315 778 Cadmo
347 736 489 778 Martii
525 735 724 788 serpentis
765 736 948 776 dentibus
980 734 1118 787 Sparti
1162 735 1398 787 provenisse
1426 735 1614 776 fereban-

163 812 240 850 tur.
270 807 449 850 Pausan.
479 819 513 849 c.
544 813 611 858 10,
642 812 683 849 1.
708 818 748 859 p.
775 810 843 850 35.
904 803 1017 847 Unde
1060 817 1161 859 quae
1193 804 1266 846 lux
1304 804 1499 858 Sophocli
1527 804 1613 847 An·-

163 878 233 931 tig.
281 885 429 921 1122:
481 869 515 920 ὦ
552 879 741 934 Βακχεῦ,
783 879 956 935 Βακχᾶν
998 874 1251 934 μητρόπολιν
1288 872 1434 932 Θήβαν
1473 879 1616 918 Ναίων

162 947 258 1003 παρ’
291 946 633 1005 ὑγρῶνἸσμηνοῦ
664 945 842 1002 ῥεέθρων
869 945 1109 1001 ἇγρίουτ’
1135 944 1243 988 Ἐπὶ
1273 948 1453 1003 σπορᾷ
1484 942 1615 998 δράε-

163 1032 352 1067 κοντος
382 1014 610 1056 affundatur
636 1013 840 1066 praeteriit
868 1013 1114 1055 Ellendtium
1141 1014 1184 1055 in
1213 1014 1294 1059 lex.
1319 1028 1358 1067 p.
1380 1020 1481 1058 447.
1528 1013 1615 1056 Nec

164 1085 319 1127 Statius
345 1084 526 1138 neglexit
554 1084 596 1124 in
626 1083 836 1125 Thebaide
868 1097 943 1125 sua
968 1097 1210 1125 memoraret
1257 1084 1430 1125 Aoniam
1460 1089 1500 1125 et
1534 1084 1613 1125 di-

163 1153 208 1194 ri
233 1152 493 1193 -novalia
524 1151 700 1192 Cadmi
737 1142 805 1193 III.
826 1156 949 1203 645„
978 1151 1171 1192 foetum
1208 1164 1390 1204 agrum
1427 1151 1611 1193 Cadmo

163 1219 231 1264 IV.
258 1225 382 1271 435„
432 1210 977 1270 Cadmeum‘eampum
1015 1218 1098 1261 VII.
1144 1225 1267 1269 328.,
1317 1224 1387 1258 aut
1425 1216 1614 1274 λόγχης

164 1285 325 1330 πεδία
353 1292 472 1339 poeta
506 1285 642 1326 nescio
674 1285 763 1338 quis
789 1287 895 1338 apud
924 1286 1184 1327 Plutarchum
1209 1286 1327 1338 Reip.
1353 1285 1447 1329 Ger.
1468 1286 1612 1329 Praec.

163 1352 286 1394 XVII.
302 1350 398 1395 Vol.
421 1353 508 1395 XII.
530 1366 569 1405 Ρ.
592 1358 712 1395 173.:
737 1351 970 1411 Ἀρχόμένος
994 1344 1152 1410 ἄρ’χεις,
1183 1353 1508 1409 ὑποτεταγμένης
1528 1350 1613 1397 πό-

163 1421 262 1472 λεως
289 1419 573 1472 ἀνθυπάτοις,
623 1418 862 1476 ἐπιτρόποις
903 1424 1134 1477 Καίσαρος·
1177 1418 1228 1466 οὗ
1258 1423 1388 1464 ταῦτα
1417 1418 1614 1480 λόγχης

164 1490 323 1535 πεδία
354 1489 451 1534 οῦδὲ
477 1493 523 1532 αῖ
550 1487 727 1531 παλαιαὶ
758 1487 931 1543 Σάρδεις
962 1487 1057 1533 οὐδὲ
1087 1489 1113 1545 ἦ
1144 1488 1298 1532 Λυδῶν
1329 1491 1458 1545 ἐκείνη
1488 1488 1612 1533 δύνα-

162 1569 254 1613 μις·
292 1557 606 1613 εὐσταλεστέραν
652 1554 717 1598 δεῖ
752 1555 825 1612 τὴν
861 1555 1047 1613 χλαμύδα
1084 1564 1221 1599 ποιεῖν
1260 1558 1359 1597 adeo
1404 1557 1612 1609 hucusque

163 1641 245 1668 non
283 1627 533 1677 intellectus,
573 1631 617 1665 ut
645 1624 843 1665 Reiskius
882 1625 986 1666 hanc
1017 1625 1255 1677 scripturam
1294 1625 1532 1666 coniectaret
1566 1624 1613 1668 οὗ

163 1693 278 1738 ταῦτ’
313 1691 495 1749 Ἀλόπης
540 1690 672 1735 πεδία.
757 1691 871 1732 Nihil
920 1706 1013 1733 vero
1060 1694 1110 1733 ad
1153 1692 1412 1733 Plutarchum
1455 1692 1532 1733 iste
1574 1691 1612 1733 si

165 1762 254 1814 quis
284 1761 358 1801 fuit
382 1761 538 1812 Alopae
564 1773 749 1812 campus3
781 1759 1019 1800 Thebanum
1049 1773 1190 1812 agrum
1219 1762 1277 1813 (v,
1297 1761 1461 1802 Jonsius
1492 1761 1610 1813 epist.

164 1831 216 1870 ad
245 1828 417 1871 Gudium
441 1842 481 1881 p.
511 1834 609 1870 212.
637 1827 679 1867 in
704 1827 850 1869 GraeV.
883 1827 1111 1883 syntagm.)
1152 1842 1226 1882 ego
1267 1829 1441 1870 arbitror
1468 1829 1611 1883 appel-

164 1899 243 1939 lari
269 1899 346 1939 hac
362 1911 473 1947 voce,
505 1910 593 1936 cum
613 1909 691 1948 qua
722 1897 1058 1948 comparationem
1089 1900 1286 1949 quandam
1314 1899 1464 1938 hahent
1492 1899 1613 1951 λιμοῦ

163 1966 328 2018 πεδίον,
360 1967 464 2019 quod
492 1966 534 2006 in
564 1965 772 2018 proverbio
804 1966 910 2017 apud
943 1965 1127 2008 homines
1152 1966 1453 2007 Alexandrinos
1485 1966 1610 2007 fuisse

165 2038 277 2079 aiunt
302 2035 525 2091 (Plutarch.
567 2034 658 2077 Vol.
687 2033 793 2077 XIV.
819 2048 860 2086 Ρ.
896 2033 1036 2090 590.),
1077 2034 1230 2089 ἇνέμου
1259 2034 1401 2078 πεδίον
1430 2037 1610 2087 (Erasm.

163 2105 293 2158 Adag.
316 2103 383 2148 1V.
412 2110 450 2156 5,
474 2110 545 2147 70.
574 2100 763 2158 p.352.),
790 2100 930 2161 λήθης
958 2102 1101 2146 πεδίον
1130 2102 1427 2157 (Wyttenbach.
1451 2102 1490 2142 in
1510 2102 1611 2143 Plu-

166 2168 294 2216 tarch.
311 2175 358 2214 de
371 2173 459 2217 Ser.
473 2171 723 2214 Num.Vind.
746 2185 787 2224 P.
803 2170 933 2226 115.),
961 2171 1109 2226 λειμών
1127 2170 1225 2228 ἄτης
1252 2170 1609 2225 (Hierocl.Comm.

167 2240 303 2283 earm.
331 2240 427 2284 Aur.
460 2253 500 2292 Ρ.
532 2241 664 2294 355.).
724 2238 878 2290 Quodsi
916 2239 1096 2291 quaeris,
1134 2241 1237 2280 unde
1265 2237 1411 2297 λόγχης
1444 2241 1611 2293 potissi-

164 2324 271 2352 mum
308 2310 504 2351 vocabulo
545 2309 713 2362 Spartos
746 2314 867 2361 poeta
906 2309 1148 2361 designarit,
1193 2309 1430 2362 Spartorum
1467 2310 1609 2362 galeas

165 2378 382 2431 Euripides
410 2378 563 2420 Phoen.
584 2384 695 2429 939.‚
727 2377 881 2429 Tzetza
909 2377 1020 2421 Chil.
1039 2378 1090 2420 X.
1120 2383 1220 2421 419.
1248 2392 1290 2431 Ρ.
1313 2384 1410 2421 380.
1439 2377 1609 2428 Kiessl„

166 2447 414 2490 Claudianus
437 2448 484 2487 de
508 2446 639 2489 Laud.
661 2445 788 2488 Stilic.
799 2439 953 2500 1.'322.‚
983 2446 1146 2501 clypeos
1175 2447 1379 2489 Iuvenalis
1401 2444 1607 2491 Sat.XIV.

167 2516 503 2568 242.celehravit‚
523 2518 592 2558 sed
612 2516 946 2567 diligentissimus
970 2517 1135 2570 quisque
1154 2531 1285 2559 rerum
1304 2515 1609 2558 reconditiorum

167 2592 366 2630 scrutator
400 2586 585 2638 hastam,
631 2588 754 2626 cuius
790 2590 940 2641 prima
977 2590 1095 2628 acies
1133 2587 1185 2628 de
1222 2587 1350 2627 sulcis
1387 2589 1609 2639 apparuit,

164 2660 209 2696 nt
237 2653 357 2696 refert
384 2650 551 2693 Ovidius
582 2648 681 2691 Met.
706 2649 779 2692 111.
813 2657 912 2698 107.
968 2652 1165 2694 Nimirum
1192 2653 1295 2694 sicut
1321 2652 1488 2706 Pelopis
1513 2667 1611 2706 pro-

164 2721 304 2775 genies
334 2722 505 2762 eburneo
536 2717 699 2757 humero
730 2717 905 2770 insignis
931 2718 1026 2771 fuit,
1074 2721 1131 2761 ita
1161 2712 1396 2772 Spartorum
1425 2727 1610 2773 posteros

162 2791 207 2832 in
237 2804 404 2844 corpore
440 2786 631 2830 habuisse
669 2785 908 2839 impressum
940 2788 1083 2829 hastae
1122 2788 1279 2841 siguum
1316 2794 1507 2841 tanquam
1534 2803 1610 2829 no-

164 2866 247 2901 tam
279 2860 497 2914 genitivam
536 2848 694 2909 praeter
729 2869 823 2908 eos,
868 2856 1009 2909 quihus
1045 2856 1109 2897 usi
1148 2862 1239 2898 sunt
1278 2857 1478 2899 Victorius
1513 2857 1608 2899 Var.

164 2929 292 2973 Lectt.
316 2928 426 2973 Vm.
458 2932 526 2971 16.
556 2940 597 2979 Ρ.
631 2932 728 2970 186.
757 2939 819 2979 sq.
851 2932 891 2967 et
920 2925 1077 2968 lonsius
1106 2941 1147 2980 Ρ.
1170 2933 1268 2970 216.
1299 2940 1374 2979 sq.‚
1404 2927 1518 2969 testis
1547 2933 1609 2969 est
