1824 3347
845 287 913 338 43

164 412 218 457 lis
243 388 430 449 narratin-
446 402 541 446 Laii
568 400 658 444 filia
694 399 823 458 fuisse
849 389 1100 451 montemque
1120 399 1357 455 Sphinginm
1383 402 1427 443 iu
1443 399 1520 442 iila
1541 412 1611 441 re-

165 472 282 533 gione
309 473 426 514 situm
452 472 648 527 tenuisse.
704 468 863 511 Deinde
882 466 1100 520 Oedipum,
1128 480 1241 520 quem
1265 472 1372 524 apud
1400 484 1443 512 se
1463 469 1612 512 huma-

164 555 248 591 tum
272 542 477 596 iactabant
502 541 772 585 Athenienses
796 537 1008 597 (I’ausan.
1038 536 1072 579 Ι.
1104 543 1173 590 28,
1207 544 1247 582 7.
1275 552 1316 591 p.
1347 547 1443 583 123.
1471 546 1541 592 30,
1566 543 1610 581 4.

164 630 205 669 p.
228 612 367 668 137.),
396 612 552 655 Thebis
592 608 824 663 sepulturae
858 608 993 650 datum
1028 621 1121 649 esse
1160 613 1299 649 auctor
1328 615 1388 650 est
1410 609 1609 650 Homerus

166 684 214 729 11.
224 682 373 726 XXIII.
389 688 487 726 677.
511 692 601 733 sqq.
624 677 731 721 conf.
747 675 906 730 Reisig.
922 676 1071 721 Enarr.
1092 678 1222 731 Soph.
1244 677 1343 720 Oed.
1364 677 1452 721 Col.
1481 692 1522 732 p.
1540 670 1610 720 IV.

165 753 296 805 Quam
328 748 629 794 Atheniensium
666 753 706 789 et
736 745 1027 788 Thebanorum
1067 746 1385 800 controversiam
1413 747 1470 788 ita
1501 759 1613 788 com-

165 820 300 876 posuit
327 817 581 870 Pausanias,
622 821 667 858 ut
704 827 801 873 ossa
829 814 972 870 Oedipi
1000 815 1155 859 Thebis
1192 816 1237 858 in
1262 816 1439 859 Atticam
1468 816 1612 869 depor-

164 895 250 932 tata
278 889 438 932 diceret.
496 885 615 928 Hunc
643 883 749 926 enim
773 883 1018 937 explicatum
1045 884 1166 927 habet
1195 884 1234 927 is
1261 884 1396 938 locus,
1427 883 1478 925 in.
1497 896 1614 937 quem

165 957 422 1000 coniectando
461 960 675 1009 grassatus
708 959 771 996 est
798 952 1037 996 Siebelisius
1064 968 1106 1007 p.
1129 959 1225 998 103.
1285 953 1489 1013 Quoniam
1516 964 1614 994 vero

162 1025 428 1080 Lysimachus
466 1023 768 1066 Alexandrinus
805 1022 1008 1064 Arizelnm
1044 1029 1234 1076 sequutus
1273 1022 1487 1065 memoriae
1515 1034 1615 1075 pro-

163 1092 263 1134 didit
287 1092 434 1134 Eteoui
463 1092 507 1134 in
535 1091 695 1134 Cereris
736 1104 853 1133 sacro
882 1096 1004 1133 noctu
1030 1093 1081 1133 ab
1114 1090 1253 1132 amicis
1293 1091 1381 1133 suis
1413 1089 1613 1144 Oedipum

164 1162 363 1214 sepultum
401 1161 519 1214 idque
568 1160 720 1203 oraculi
765 1174 962 1213 responso
1000 1164 1151 1215 postea
1182 1162 1481 1214 comprobatum
1520 1172 1613 1200 esse

164 1228 229 1289 (v.
261 1230 401 1275 Schol.
432 1230 561 1285 Soph.
591 1230 688 1275 Oed.
716 1229 805 1273 Col.
833 1237 902 1275 92.
929 1244 969 1285 Ρ.
999 1237 1040 1275 7.
1070 1230 1271 1285 Elmsl.)‚
1310 1229 1612 1272 censebimurne

162 1299 335 1352 prompti
366 1314 457 1341 esse
482 1299 609 1340 nimia
637 1298 896 1351 confidentia,
926 1299 965 1340 si
993 1299 1151 1341 Thebis
1172 1298 1369 1352 Oedipum
1395 1304 1489 1339 ante
1508 1296 1612 1338 Nei'-

166 1372 252 1408 stas
282 1368 388 1421 apud
415 1367 547 1409 lucum
567 1365 727 1409 Cereris
755 1365 946 1409 Cabiriae
974 1367 1174 1409 conditum
1203 1366 1370 1408 Homeri
1398 1365 1505 1408 ducti
1534 1377 1612 1405 an-

166 1434 345 1476 ctoritate
374 1435 656 1488 posuerimus?
691 1434 753 1475 De
780 1434 936 1476 Neistis
962 1440 1067 1476 certe
1101 1441 1267 1475 nostrae
1298 1434 1516 1475 sententiae
1545 1432 1614 1472 fa-

163 1509 257 1545 vent
296 1504 430 1556 aliquo
458 1505 575 1548 modo
596 1509 757 1545 -veteres
788 1503 1059 1556 explicatores
1089 1503 1212 1544 Statii
1237 1509 1276 1544 et
1303 1502 1484 1555 Pindari,
1512 1514 1615 1555 quo-

164 1586 267 1614 rumv
291 1585 415 1626 supra
450 1572 739 1626 usurpavimus
777 1572 1024 1618 memoriam.
1056 1615 1058 1620 ,
1088 1572 1219 1627 Atque
1255 1572 1358 1615 haec
1396 1571 1479 1613 fere
1520 1576 1615 1613 sunt

164 1647 441 1693 monumenta,
469 1643 520 1683 ad
538 1654 639 1694 quae
659 1655 682 1683 e
698 1641 825 1695 portis
844 1641 1000 1692 Neistis
1020 1642 1339 1695 perveniebatur.
1406 1641 1614 1693 Superest,

165 1714 210 1749 ut
240 1709 287 1749 de
313 1721 449 1750 eorum
478 1709 567 1750 situ>
589 1711 782 1761 quaedam
820 1708 1129 1762 subiungantur.
1187 1707 1295 1750 Nam
1327 1722 1417 1750 cum
1444 1707 1613 1762 reliquis

166 1776 246 1819 sibi
275 1778 476 1830 persuasit
504 1776 745 1819 Siebelisius
770 1791 811 1831 p.
824 1783 893 1821 80.
921 1777 1170 1819 aPausania
1202 1777 1297 1819 inde
1326 1790 1353 1818 a
1381 1776 1512 1830 capite
1543 1781 1621 1830 ²⁵2*

149 1851 206 1897 „1.
234 1857 276 1897 p.
304 1850 372 1888 86.
401 1857 450 1885 ea
475 1839 718 1897 enumerari,
749 1857 851 1898 quae
879 1851 973 1887 ante
1000 1844 1167 1886 Neistas
1195 1844 1525 1898 conspicerentur
1551 1844 1616 1885 di-

163 1923 247 1963 gna
281 1917 517 1955 memoratu.
572 1910 692 1964 Atqui
729 1911 765 1953 is
800 1917 1014 1965 peragrato
1042 1911 1233 1954 Herculis
1272 1924 1415 1965 campo
1445 1917 1485 1953 et
1512 1911 1615 1967 Syr-

164 1983 267 2019 mate
301 1977 527 2032 Antigonae
566 1979 723 2020 demum
756 1979 1051 2032 transgreditur
1086 1979 1236 2021 Dircen
1271 1978 1455 2033 fluvium,
1501 1991 1618 2032 quem

162 2046 346 2103 novimus
374 2045 466 2099 ipsa
483 2047 717 2089 Thebarum
733 2047 893 2088 moenia
909 2048 1169 2100 praeteriisse
1187 2046 1287 2101 (vid.
1300 2054 1369 2101 25,
1389 2053 1429 2090 3.
1447 2061 1485 2100 p.
1507 2046 1615 2103 87.).

164 2115 270 2168 Quid
301 2114 492 2169 quaeris?
530 2115 695 2157 fluvium
723 2121 1006 2170 transgressus
1034 2116 1202 2159 Pindari
1231 2117 1345 2158 domo
1376 2116 1543 2159 visitata
1572 2116 1616 2157 in

163 2182 272 2223 viam
300 2183 481 2235 devenit,
520 2196 619 2236 quae
647 2197 668 2225 e
695 2184 851 2226 Neistis
879 2190 940 2226 est
969 2185 1033 2241 (4.
1061 2199 1104 2239 Ρ.
1136 2184 1238 2241 88.).
1297 2185 1463 2238 Oportet
1491 2185 1617 2239 igitur

164 2250 314 2318 aliquis
344 2250 583 2305 cogitatione
614 2252 695 2296 sibi
727 2252 878 2308 fingat,
912 2260 1071 2309 portam
1098 2255 1203 2299 iuter
1240 2262 1279 2298 et
1305 2255 1457 2298 Dircen
1483 2256 1617 2299 iacere

166 2332 331 2372 campos
361 2319 464 2362 satis
480 2328 664 2374 patentes
692 2329 932 2376 apertosque
955 2330 1075 2377 atque
1102 2325 1162 2367 ita
1188 2325 1444 2379 interiacere‚
1474 2332 1517 2367 nt
1544 2340 1617 2379 per

166 2400 237 2428 eos
266 2386 337 2427 via
364 2400 446 2428 non
476 2389 618 2443 ducat,
649 2401 750 2444 qnae
775 2403 831 2434 ex
848 2391 926 2434 hac
942 2399 1063 2446 porta
1087 2400 1163 2438 est.
1223 2393 1396 2437 Omnino
1423 2394 1614 2437 mirificus

163 2454 231 2495 hic
259 2460 323 2495 est
347 2453 606 2509 interpretum
635 2472 769 2511 error,
799 2459 867 2512 qui
895 2460 1067 2503 iudicari
1096 2468 1249 2504 tantum
1273 2464 1409 2515 debet,
1437 2476 1517 2504 nou
1544 2477 1615 2504 re-

163 2521 297 2564 futari.
355 2522 443 2565 Res
473 2530 607 2567 autem
632 2525 697 2575 sic
726 2526 859 2569 animo
889 2528 1154 2583 concipienda
1181 2535 1260 2575 est.
1326 2529 1557 2572 Pausanias
1587 2542 1616 2571 a

165 2589 397 2632 Thebarum
431 2598 568 2645 parte,
608 2606 709 2646 quae
752 2595 942 2637 orientem
979 2596 1106 2640 solem
1143 2602 1392 2651 prospectat,
1438 2603 1615 2650 septem-

164 2658 313 2699 triones
342 2673 487 2702 versus
517 2661 720 2714 profectus
753 2665 806 2706 ad
833 2663 944 2717 ipsos
972 2664 1328 2708 Locrorum'fiues
1367 2679 1489 2720 quum
1516 2681 1614 2722 per-

163 2726 362 2782 venisset,
415 2731 554 2773 eadem
592 2744 673 2784 qna
701 2732 856 2783 abierat
895 2734 966 2777 via
985 2748 1171 2778 reversus
1201 2733 1360 2792 (neque
1398 2737 1506 2779 enim
1531 2739 1612 2780 hoc

164 2795 304 2837 itinere
343 2796 658 2853 Orchomenum,
694 2800 940 2857 Coroneam,
977 2803 1262 2848 Alalcomenas
1292 2805 1441 2861 attigit.
1468 2808 1550 2853 vid.
1577 2822 1613 2851 e.

163 2871 228 2908 34.
259 2873 410 2919 p.124.
432 2869 514 2923 sq.)
542 2870 594 2911 ad
616 2871 777 2913 boreale
808 2872 1045 2916 Thebarum
1072 2874 1181 2916 latus
1209 2880 1429 2929 portasque
1458 2875 1612 2917 Homo-

160 2931 287 2993 loides
312 2935 499 3003 accessit.
559 2936 652 2988 Qua
680 2937 723 2980 in
751 2945 864 2993 parte
896 2953 1017 2994 quum
1043 2941 1148 2986 nihil
1176 2948 1378 2998 repertum
1405 2950 1515 2987 esset
1542 2945 1615 2987 de-
