1824 3347
888 272 951 320 13

194 388 402 429 Postremo
421 404 426 420 ·.
438 383 649 426 verborum
682 383 878 440 ἱκτηρίοις
903 378 1118 426 κλάδοισιν
1147 382 1420 439 ἐξεστεμμένοι
1447 389 1637 426 constru-

193 457 271 498 ctio
302 467 403 508 qnae
433 454 497 507 sit,
525 452 766 506 planissime
795 450 1039 492 condiscitur
1076 464 1130 492 ex
1158 450 1340 504 Angusto
1362 453 1564 497 Matthiae
1590 455 1635 497 in

192 524 336 578 Eurip.
364 524 512 568 Bacch.
544 529 643 566 639.
674 520 735 566 Τ.
759 519 867 564 vul.
897 526 1072 575 p.175.,
1102 533 1195 562 cum
1223 535 1299 574 quo
1328 522 1505 567 conferre
1533 540 1635 580 ope-

191 607 262 635 rae
302 593 469 646 pretium
508 599 570 635 est
609 597 801 634 annotata
836 590 1035 632 Huschkii
1073 592 1125 631 ad
1162 590 1310 632 Domiti
1337 591 1469 634 Marsi
1504 597 1635 648 epita.

191 661 329 716 phium
360 661 516 704 Tibulli
547 675 585 704 v.
607 667 647 704 3.
674 674 718 714 p.
739 666 838 704 678.
850 672 935 712 sq.;
964 659 1107 712 quibus
1137 660 1325 712 adducor,
1355 665 1398 700 ut
1426 661 1525 703 lulio
1549 664 1635 706 Ob-

193 732 373 784 sequeuti
402 729 633 774 c.XXV111.
662 735 813 770 sartum
837 734 981 770 tectum
1010 727 1234 780 relinquam
1265 741 1382 768 suum
1410 727 1529 771 illud:
1556 733 1635 773 si-

192 801 482 843 mulacrum
531 799 855 852 dissipatum
907 797 1167 850 membris,
1232 800 1334 851 quod
1387 799 1637 853 improspera

193 869 432 910 correctione
453 867 676 908 attrectavit
696 864 1017 918 OudendorpiuS.
1077 864 1160 906 Iam
1183 865 1278 918 quia
1295 866 1395 907 ratio
1426 869 1552 909 nostri
1572 871 1637 911 in-

191 936 317 977 stituti
344 937 445 990 fert,
482 943 524 977 ut
554 937 714 977 deorum
741 934 890 988 templa
918 934 1086 975 strictim
1114 944 1484 990 commemorentur,
1518 952 1637 992 quam

190 995 679 1058 uberius'describantur,
711 1003 845 1045 damni
875 1003 1087 1056 supplendi
1117 1017 1241 1045 causa
1269 1004 1375 1046 Livii
1401 1006 1556 1060 locum,
1585 1011 1635 1051 de

191 1086 266 1125 quo
309 1086 335 1114 a
369 1073 468 1115 viris
511 1072 638 1114 doctis
673 1084 922 1124 summopere
962 1071 1194 1125 ambigitur,
1235 1072 1347 1114 iuvat
1374 1078 1634 1127 perpendere.

187 1140 306 1193 Apud
346 1154 435 1182 eum
471 1141 672 1181 Eumenes
711 1140 781 1183 lib.
808 1138 940 1182 XLII.
969 1145 1037 1182 12.
1065 1140 1187 1181 haec:
1225 1141 1491 1193 „Boeotorum
1530 1156 1634 1197 gen-

188 1217 265 1251 tem
313 1216 512 1264 captatam
548 1209 738 1262 Philippo
785 1221 1001 1262 numquam
1039 1210 1091 1250 ad
1134 1209 1384 1250 scribendum
1434 1212 1632 1256 amicitiae

187 1276 328 1319 foedus
366 1278 513 1320 adduci
545 1277 747 1331 potuisse:
799 1278 926 1318 tribus
964 1290 1071 1318 nunc
1109 1276 1212 1318 locis
1253 1291 1342 1318 cnm
1366 1278 1516 1321 Perseo
1544 1280 1634 1323 foe-

108 1338 113 1343 ’
186 1349 262 1388 dus
298 1348 468 1397 incisum
504 1347 649 1389 litteris
683 1360 798 1387 esse:
849 1360 928 1386 uuo
967 1346 1144 1398 Thebis,
1185 1346 1311 1388 altero
1353 1350 1415 1389 ad
1442 1349 1634 1391 Delum

187 1414 569 1468 augustissimo
609 1419 657 1456 et
694 1413 1031 1455 celeberrimo
1060 1412 1353 1466 intemplo,
1391 1417 1507 1458 tertio
1532 1417 1635 1460 Del-

186 1482 328 1535 phis.“
384 1482 452 1524 Sic
480 1482 581 1523 haec
601 1481 665 1522 edi
690 1480 819 1521 solent
837 1493 863 1521 a
883 1480 1036 1532 sigonii
1066 1481 1158 1521 inde
1188 1486 1376 1534 tempore,
1408 1496 1528 1536 quum
1545 1498 1635 1527 om·

184 1550 300 1592 nium'
334 1550 528 1593 librorum
567 1550 642 1593 sit:
688 1549 819 1599 altera
856 1550 916 1592 ad
959 1548 1227 1601 Sidenum3
1265 1565 1339 1593 nec
1369 1551 1637 1598 Drakenbor-

187 1618 324 1671 chius,
366 1618 434 1671 qui
461 1618 619 1671 Sigonii
649 1623 914 1659 commentum
940 1618 1180 1670 confutavit,
1221 1619 1398 1672 dispexit
1427 1624 1530 1674 quod
1563 1636 1635 1664 sa-

185 1685 402 1729 tissaceret.
460 1685 621 1727 Dudum
659 1691 743 1737 est,
782 1698 835 1726 ex
872 1698 948 1738 quo
990 1685 1178 1738 opinione
1205 1694 1423 1739 auguratus
1454 1702 1542 1730 sum
1567 1689 1633 1731 le-

184 1755 356 1806 gendum
370 1741 487 1794 esse:
515 1753 670 1805 „altero
699 1754 758 1793 ad
786 1752 1047 1793 Ismenum
1076 1754 1363 1806 augustissimo
1393 1761 1432 1797 et
1450 1756 1632 1798 celeber-

182 1821 283 1862 rimo
314 1821 355 1862 iu
376 1821 564 1873 templo“,
589 1827 633 1862 nt
647 1821 788 1862 foedus
811 1820 912 1861 illud
935 1834 1023 1862 cum
1042 1820 1216 1874 Delphis
1233 1829 1316 1864 tum
1336 1824 1379 1865 in
1398 1824 1633 1870 Thebarum

182 1887 269 1929 foro
299 1894 337 1929 et
375 1890 483 1940 apud
510 1888 675 1929 Thebas
713 1888 755 1928 in
783 1887 927 1939 templo
957 1888 1122 1928 Ismenii
1149 1888 1352 1941 Apollinis
1380 1893 1634 1945 propositum

181 1957 322 2011 fuerit,
354 1956 680 2011 quemadmodum
715 1957 824 1999 cives
852 1956 1104 2010 Acraephiae
1133 1958 1283 2021 ‘oppidi
1320 1957 1546 2007 ἀναθεῖναι
1577 1987 1634 1997 .-

181 2029 226 2072 ἔν
252 2026 468 2090 ἀναγραφῇ
510 2026 559 2072 τὸ
586 2023 785 2086 ψήφισμα
820 2025 885 2070 ἐπὶ
921 2027 998 2070 τοῦ
1033 2028 1145 2082 ἱεροῦ
1172 2029 1247 2071 τοῦ
1272 2026 1527 2081 Ἀπόλλωνος
1555 2033 1634 2075 τοῦ

182 2097 353 2140 Πτωΐου
388 2098 457 2139 καὶ
493 2096 561 2140 ἐπὶ
597 2094 752 2146 πόλεως
791 2096 834 2138 ἐν
870 2097 922 2155 τῇ
958 2093 1089 2154 ἀγορᾷ
1125 2096 1239 2136 docet
1277 2095 1485 2150 inscriptio
1517 2101 1626 2152 apud

181 2164 428 2205 Boeckhium
466 2177 506 2206 n.
531 2169 656 2207 1625.
685 2177 725 2206 v·
747 2169 815 2206 81.
840 2175 902 2214 sq.
932 2161 965 2205 Ι.
1004 2175 1046 2215 p.
1077 2168 1176 2208 789.
1243 2163 1305 2204 De
1340 2164 1453 2205 cuius
1492 2179 1633 2208 emen-

182 2227 373 2274 dationis*
385 2232 551 2275 veritate
584 2232 764 2274 dubitare
793 2230 943 2282 desivi,
972 2230 1041 2271 ubi
1073 2232 1209 2272 eadem
1238 2230 1320 2272 fere
1346 2233 1633 2285 depravatione

180 2306 391 2342 exaratum
416 2300 678 2341 animadverti
708 2299 814 2351 apud
837 2297 1126 2351 Apollodorum
1144 2297 1217 2342 111.
1249 2306 1289 2351 6,
1324 2306 1364 2342 8.
1397 2314 1470 2354 pro
1495 2301 1634 2360 Ἰσμη-

180 2366 251 2412 νὸν
298 2367 342 2408 in
389 2366 491 2408 libro
532 2367 626 2411 Pal.
663 2363 876 2422 Ἰωὸηνὸν,
924 2364 1016 2408 vat.
1050 2364 1227 2419 Ἷδυνόν,
1273 2366 1423 2413 D'Orv.
1459 2366 1630 2426 Ἰδηνόν,

178 2435 260 2478 vid.
290 2433 469 2488 Heynius
495 2439 596 2476 nott.
624 2446 667 2486 p.
689 2439 787 2476 633.
845 2432 984 2486 Nuper
1013 2430 1117 2488 (tum
1141 2447 1260 2487 vero,
1298 2441 1342 2476 ut
1367 2436 1536 2489 ingenue
1562 2435 1631 2477 fa-

178 2511 284 2556 tear,
320 2501 471 2545 invidia
498 2503 693 2555 quaedam
722 2508 928 2556 surreptae
955 2502 1154 2556 gloriolae
1181 2517 1243 2546 me
1275 2504 1445 2561 subivit)
1474 2504 1557 2547 vidi
1585 2505 1630 2547 in
1665 2515 1668 2518 ‘

178 2576 345 2615 eandem
387 2571 655 2614 coniecturam
710 2571 906 2614 incidisse
951 2572 1081 2615 virum
1128 2574 1437 2627 sagacissimum
1488 2573 1631 2621 Odofr.

178 2641 422 2683 Muellerum
450 2638 636 2682 Orchom.
670 2652 713 2692 Ρ.
739 2644 839 2685 426.
867 2646 953 2685 not.
979 2645 1060 2694 4.,·
1087 2654 1324 2695 quamquam
1359 2654 1461 2695 quae
1498 2645 1551 2687 ab
1581 2659 1630 2687 eo

178 2710 455 2750 commendata
493 2706 694 2761 scriptura
733 2712 816 2749 est:
864 2709 944 2761 „ad
984 2709 1226 2751 Ismeninm“
1262 2709 1371 2751 haud
1409 2713 1631 2766 perplacet.

177 2777 309 2818 Situm
342 2782 474 2817 autem
502 2774 632 2816 fnisse
654 2774 859 2827 Apollinis
889 2776 1078 2835 templum
1104 2776 1148 2817 in
1176 2776 1319 2819 dextra
1348 2777 1498 2822 Ismeni
1526 2781 1630 2835 ripa,

175 2845 268 2887 inde
298 2844 524 2898 colligitur,
562 2844 665 2896 quod
692 2843 923 2887 Pausanias
956 2859 991 2888 c.
1013 2853 1089 2899 10,
1117 2851 1158 2889 5.
1197 2860 1240 2900 p-
1265 2853 1334 2893 37.
1362 2849 1472 2891 ultra
1500 2851 1630 2893 Isme-

175 2927 291 2966 num,
320 2926 413 2966 ¹qua
448 2913 523 2955 sub
560 2910 767 2954 moenibus
807 2912 1005 2956 Cadmeae
1043 2913 1175 2957 solum
1203 2924 1416 2972 assurgat,
1466 2930 1630 2972 compa-
