1824 3347
0 702 37 744 't

877 290 944 338 23

185 402 309 442 ferme
338 398 563 442 ⁴sexdecim
609 399 743 442 stadia
783 399 1026 444 disiunctum
1064 402 1269 459 (Thucyd.
1299 402 1387 447 Vll.
1419 403 1524 459 29.),
1553 415 1633 455 qna

186 465 355 508 Chalcis
394 467 501 510 adeo
541 476 663 509 arcto
699 469 1034 511 interscinditur
1052 467 1212 526 freto,
1246 480 1300 514 ut
1331 480 1463 527 ponte
1478 473 1632 513 ,conti-

193 537 321 585 mma·
358 538 571 590 iungat-ur
607 545 815 592 terraque
829 564 836 568 -
852 538 1022 579 aditum
1058 536 1311 596 faciliorem
1345 553 1475 595 quam
1489 562 1494 566 ·
1510 542 1633 581 maxi

180 601 338 645 habeat
363 603 471 659 (Liv.
505 605 695 650 XXVIII.
727 605 806 663 7.).
848 604 957 664 τΤήν
985 606 1186 664 Εὗβοίαν,
1216 607 1274 648 ait
1299 607 1491 660 Ephorus
1512 609 1629 661 ,apud

183 673 517 724 Strabonem-IX.
547 688 587 729 p.
609 681 748 728 400.,·
764 672 919 731 τρόπον
946 675 1039 721 τινὰ
1068 680 1194 733 μέρος
1221 678 1298 735 τῆς
1325 680 1524 728 Βοιωτίας
1552 694 1627 721 πε-

180 746 342 800 ποίηκεν
381 744 404 788 ὁ
435 744 645 800 Εὔριπος,
697 739 802 789 οἵτω
840 744 985 795 στενὸς
1022 745 1079 791 ὤν
1117 748 1189 791 καὶ
1224 742 1376 802 γεφύρᾳ
1425 746 1628 802 συνεζευγ-

180 814 299 866 μέιός
335 813 441 869 πρὸς
466 811 607 871 ταῦτὴν
644 813 873 870 διπλέθρῳ.
933 815 1012 866 Qui
1049 828 1154 868 pons
1192 814 1326 868 qualis
1360 812 1504 864 fuerit,
1540 819 1626 854 stu-

182 879 336 927 diosius
363 881 583 933 'inquisivit
617 882 669 923 Is.
711 881 883 924 Vossius
923 883 1042 925 Obss.
1074 885 1125 924 ad
1155 883 1348 937 Pompon.
1378 881 1481 924 Mel.
1504 880 1557 924 11.
1587 887 1628 932 7,

183 954 250 992 55.
282 962 319 1002 p.
341 956 461 999 210.<3
489 950 608 991 Livio
640 951 818 992 Plinium
841 951 935 996 Nat.
964 950 1072 994 Hist.
1090 952 1144 995 11.
1172 958 1241 995 88.
1283 951 1342 996 Ῑο.
1370 951 1443 993 Fr.
1467 948 1629 990 Grono-

181 1014 270 1055 vius
302 1014 357 1059 ,ad
379 1016 458 1058 lib.
480 1017 604 1064 XLV.
641 1032 682 1061 c.
700 1024 794 1071 27„
837 1018 1028 1060 Straboni
1068 1020 1249 1061 adhibuit
1282 1018 1538 1073 Procopium.
1557 1014 1627 1072 (de

181 1082 295 1135 aedis.
326 1083 390 1127 lv.
426 1090 475 1134 3.
513 1099 554 1138 p.
581 1085 674 1141 72.)
704 1086 1002 1139 Wesseliugius
1041 1087 1084 1127 in
1112 1086 1302 1129 Antonin.
1338 1086 1429 1129 ltin.
1459 1089 1627 1139 Ρ.327.

180 1153 330 1194 addens
351 1153 545 1206 Sponium
575 1154 664 1197 ltin.
687 1168 724 1207 p.
743 1160 841 1198 265.
862 1167 888 1195 a
904 1154 1060 1199 Thebis
1080 1154 1313 1196 Chalcidem
1342 1167 1469 1206 usque
1493 1151 1556 1198 M.
1577 1150 1625 1194 P.

178 1221 304 1265 XXV.
343 1229 412 1263 aut
441 1222 584 1266 XXVI.
623 1236 872 1267 numerasse.
941 1223 1174 1265 Paullulum
1204 1223 1407 1275 discrepat
1434 1218 1626 1263 Antoniu-

179 1289 270 1332 ltin.
292 1305 330 1343 p.
355 1298 479 1340 327.:
516 1286 701 1343 „Thebis
721 1291 957 1333 Chalcidem
975 1292 1033 1335 M.
1052 1292 1100 1334 P.
1121 1290 1298 1334 XXIV.“
1356 1289 1461 1331 Illud
1488 1288 1532 1329 iu
1560 1286 1625 1328 di-

178 1361 423 1413 sceptatione
453 1368 527 1414 est,
558 1376 610 1403 ex
642 1376 718 1415 quo
752 1362 844 1403 iude
875 1368 1049 1415 tempore
1079 1360 1305 1404 continentiv
1325 1359 1515 1402 Boeotiae
1546 1369 1624 1410 ag-

178 1440 272 1480 gere
311 1441 358 1469 ac
392 1436 513 1481 ponte
551 1430 689 1471 insula
728 1430 976 1481 adhaeserit,
1016 1432 1064 1471 de
1096 1444 1172 1482 quo
1204 1430 1481 1471 disseruerunt
1508 1427 1623 1467 Dod-

178 1495 337 1543 wellus=
359 1496 451 1539 ltin.
482 1497 574 1539 Vol.
597 1497 649 1540 11.
687 1498 734 1541 P.
764 1498 797 1540 1.
828 1511 869 1550 Ρ.
894 1503 992 1540 247.
1013 1510 1076 1549 sq.
1108 1497 1238 1541 Sickl.
1269 1502 1309 1538 et
1338 1493 1624 1549 quiDodwel·

179 1563 264 1604 lum
304 1563 423 1616 plane
464 1565 583 1606 latuit
613 1565 809 1607 Wassius
841 1565 885 1606 in
926 1566 1108 1621 Thucyd.
1139 1566 1231 1610 Vll.
1263 1572 1329 1609 30.
1360 1564 1453 1608 Vol.
1482 1562 1553 1607 lV.
1583 1577 1622 1616 p·

179 1638 278 1675 489.
301 1645 364 1684 sq.
428 1632 546 1673 Hanc
583 1633 706 1685 igitur
743 1633 850 1675 viam
886 1631 1006 1687 (ὁδὸν
1040 1633 1113 1691 τὴν
1150 1637 1191 1684 ἐς
1217 1631 1417 1678 Χαλκίδα
1439 1632 1619 1673 Pausan.

178 1698 247 1743 IX.
282 1706 358 1752 18,
392 1707 431 1744 1.
471 1708 545 1754 19,
585 1707 626 1743 3.
668 1715 708 1754 p.
742 1707 810 1745 63.
844 1707 915 1745 67.
956 1698 1058 1746 ὁδὸν
1100 1704 1294 1759 Θηβαίων
1326 1702 1381 1751 εἰς
1426 1695 1620 1743 Χαλκίδα

177 1767 311 1825 Strab.
340 1768 410 1810 IX.
435 1781 479 1824 p.
497 1768 617 1822 404.)
647 1770 827 1821 designat
858 1775 998 1810 auctor
1025 1769 1164 1824 hymni
1190 1768 1309 1810 Hom.
1338 1768 1383 1808 iu
1410 1766 1548 1819 Apoll.
1577 1778 1617 1806 V.

176 1843 277 1881 222.
307 1849 391 1890 sq.:
414 1835 572 1881 Ἔνθεν
601 1836 639 1881 δ’
667 1836 853 1894 Εὔριπον
882 1837 1053 1895 διαβὰς,
1083 1836 1298 1896 ἑκατηβόλ’
1316 1836 1547 1887 ’Anauon
1561 1858 1619 1866 —

177 1905 258 1958 ἷξες
281 1928 336 1946 ,-
369 1904 435 1955 Ἐς
461 1904 752 1961 Μυκαλησσὸν
781 1906 852 1949 ἰὼν
879 1907 949 1950 καὶ
980 1905 1191 1962 Τευμησὸν
1220 1906 1444 1963 λεχεποίην·
1480 1901 1620 1962 Θήβης

178 1972 216 2015 δ’
246 1974 499 2026 εἲςαφίκανες
545 1971 638 2022 ἕδος
649 1983 675 2024 ·,
723 1976 966 2027 eandemque
1017 1981 1202 2015 accurate
1251 1978 1516 2026 persequutus
1556 1976 1618 2011 est

174 2040 409 2083 Dodwellus
439 2040 468 2082 l.
497 2054 534 2083 c.
563 2053 605 2093 Ρ.
630 2046 727 2084 244.
759 2056 820 2096 sq.
881 2042 961 2094 Qui
991 2044 1096 2096 quod
1125 2042 1307 2101 proJime
1337 2054 1363 2083 a
1385 2039 1542 2082 Thebis
1574 2051 1618 2079 se

176 2110 337 2153 fluvium
375 2108 586 2151 traiecisse
629 2110 789 2164 scribit,
839 2110 882 2153 id
912 2112 1092 2165 apprime
1131 2110 1278 2152 addicit
1315 2109 1389 2162 iis,
1430 2107 1617 2161 'quaede

175 2180 322 2228 Ismeni
353 2193 475 2221 cursu
501 2179 758 2225 confecimus.
818 2181 925 2233 Quid
956 2184 1060 2235 quod
1088 2181 1374 2234 Amphiaraus,
1403 2190 1618 2232 quemse-

175 2252 345 2292 cundum
369 2248 516 2290 Ismeni
543 2249 656 2302 ripas
687 2249 826 2302 fugam
855 2250 992 2303 egisse
1016 2250 1128 2291 fama
1156 2256 1240 2302 est,
1276 2249 1355 2290 hoe
1382 2247 1518 2300 ipsum
1543 2245 1619 2286 iter

174 2318 402 2361 hominibus
431 2318 600 2359 vetustis
629 2317 838 2360 videbatur
866 2319 1098 2372 perrexisse
1126 2318 1248 2368 (conf.
1275 2319 1456 2361 Pausan.
1485 2315 1520 2365 Ι.
1549 2319 1633 2365 34„

176 2396 217 2433 2.
246 2401 287 2442 p.
312 2394 407 2430 151.
445 2386 633 2439 Apollod.
660 2385 732 2430 111.
763 2394 803 2440 6,
833 2389 922 2440 8.)’.ὶ
979 2389 1097 2440 Quod
1127 2388 1325 2444 reliquum
1356 2391 1437 2437 est,
1474 2381 1615 2425 hodie-

176 2471 250 2511 que
282 2457 329 2497 de
364 2454 440 2496 his
460 2454 588 2508 portis
616 2469 821 2497 murorum
856 2464 1011 2511 partem
1049 2472 1233 2513 saxaque
1263 2468 1474 2511 superesse
1501 2450 1616 2494 testis
1656 2462 1661 2473 Χ

175 2532 236 2569 est
264 2524 498 2567 Dodwellus
523 2524 616 2568 Vol.
643 2525 674 2569 1.
701 2524 748 2569 Ρ.
781 2526 836 2571 11.
865 2541 906 2582 p.
940 2534 1009 2572 57.

309 2713 489 2765 Egresso
518 2725 569 2752 ex
591 2714 687 2754 urhe
715 2712 832 2755 iuxta
851 2713 972 2766 viam,
1004 2728 1122 2768 quam
1146 2728 1172 2755 a
1190 2710 1442 2754 Proetidibus
1468 2708 1512 2749 in
1527 2708 1615 2755 Eu-

174 2783 313 2823 boeam
351 2780 454 2822 ferre
498 2792 568 2833 per
597 2781 831 2824 suburbium
867 2782 1115 2836 aperuimus,
1153 2785 1238 2823 erat
1266 2778 1495 2836 sepulerum
1522 2776 1616 2819 Me-

175 2906 257 2931 mus
268 2920 278 2936 ‚
306 2863 577 2940 Thucydides.
619 2892 798 2928 Ceterum
812 2896 977 2940 praestat
992 2890 1122 2926 fanum
1139 2887 1340 2933 Mercurii,
1370 2900 1484 2937 quam
1500 2884 1617 2933 oppi-

174 2952 264 2988 dum
286 2950 513 2999 intelligere.
528 2948 630 2987 conf.
649 2948 879 3000 wesseling.
892 2948 933 2986 in
948 2948 1092 2987 Herod.
1105 2949 1173 2986 lV.
1197 2949 1256 2985 88.
1279 2959 1318 2996 p.
1334 2948 1415 2985 492.
1440 2978 1459 2986 ..
1512 2984 1518 2989 ,
