1824 3347
860 289 930 339 37

170 403 280 456 apud
299 399 550 456 -Hesychium
580 401 634 444 sit
662 414 705 457 Ρ.
725 404 826 454 670.
866 400 1033 459 ruarmo
1058 401 1242 459 στρατός.
1298 405 1438 459 ltaque
1463 404 1508 446 in
1536 417 1613 458 po-

167 478 317 514 sterum
346 469 448 513 illud
475 472 694 525 tenebitur,
731 472 774 513 in
802 484 903 513 voce
928 470 1073 513 Nei‘tae
1098 478 1167 514 aut
1193 487 1218 512 t
1248 474 1540 527 geminandum,
1568 479 1614 515 nt

168 540 409 582 Boeotorum
439 552 554 581 usus
591 552 619 581 a
656 539 805 582 vicinis
841 538 985 581 Atticis
1028 538 1208 580 adscitus
1244 540 1297 581 sit
1331 540 1459 596 (conf.
1484 541 1613 583 Hem-

121 659 126 662 ,
168 606 344 650 ster-hus.
369 606 413 649 in
438 608 609 654 Lucian.
635 610 723 651 Iud.
742 608 898 653 Vcc.7.
925 621 970 661 p.
990 614 1088 653 309.
1107 614 1148 652 8.
1178 621 1220 661 Ρ.
1234 614 1333 651 312.
1354 622 1414 662 sq.
1441 608 1611 665 VoLL),

169 681 239 717 aut
278 675 537 720 inserendum
573 693 601 722 σ
637 690 742 723 esse.
811 677 894 718 Sed
920 676 1036 718 ‘dixit
1070 675 1301 730 Hesychius
1328 676 1493 720 Neistae
1519 691 1610 720 esse

166 742 238 796 τὰς
261 741 396 796 πύλας
434 744 509 796 τὰς
534 740 712 801 πρώτας
745 744 817 790 καὶ
845 744 1091 797 τελευταίας.
1158 744 1274 786 Nove
1300 744 1379 786 hoc
1406 744 1612 787 videbatur

167 817 208 852 et
236 817 318 853 tam
346 812 537 865 confuse,
572 818 618 853 ut
641 814 767 855 verba
793 812 938 854 ultima
963 812 1035 856 καὶ
1054 811 1298 863 τελευταίας
1330 811 1489 853 silentio
1518 825 1613 864 pre-

167 887 292 922 meret
318 880 564 923 Abreschius
590 881 620 924 l.
647 895 685 926 c.
742 880 860 923 Nihil
888 881 1108 933 succurrit,
1140 881 1246 934 quod
1273 892 1400 934 aeque
1425 879 1613 921 idoneum

166 949 349 992 videatur
376 953 502 1002 atque
533 948 657 990 illud:
695 948 939 1004 Hesychium
967 949 1044 990 hoc
1071 948 1131 990 ita
1158 947 1369 1001 posuisse,
1397 952 1442 988 ut
1471 947 1525 988 ad
1552 945 1613 987 ci-

169 1016 308 1058 tharae
339 1017 512 1059 chordas
542 1016 823 1070 cogitationem
851 1016 1040 1070 referret,
1078 1030 1244 1070 quarum
1280 1021 1399 1069 prout
1435 1015 1615 1057 ordinem

166 1084 279 1125 ducis
317 1097 376 1125 ex.
400 1086 543 1126 dextra
568 1091 682 1137 parte
714 1085 781 1127 vel
809 1084 996 1137 sinistra,
1035 1083 1163 1142 νήτην
1188 1089 1258 1125 aut
1285 1084 1457 1137 primam
1482 1066 1612 1124 habes

165 1158 236 1193 aut
268 1151 457 1194 intimam.
526 1151 714 1194 Ceterum
753 1151 821 1194 hic
857 1152 973 1194 locus
1013 1153 1063 1193 ob
1102 1151 1350 1204 singularem
1385 1148 1610 1203 particulae

164 1220 234 1263 καὶ
270 1227 509 1273 potestatem
552 1220 605 1262 iis
643 1235 686 1263 se
724 1221 854 1273 addit,
907 1220 975 1273 qui
1015 1219 1146 1264 coacti
1184 1225 1276 1261 sunt
1311 1232 1340 1261 a
1365 1217 1527 1259 Sturzio
1565 1216 1610 1258 in

163 1286 326 1330 Hellan.
346 1288 417 1332 Fr.
436 1302 478 1341 Ρ.
494 1294 594 1331 217.
645 1288 881 1342 Amphionis
905 1294 1047 1330 ,autem
1075 1287 1268 1328 memoria
1297 1300 1417 1339 quum
1441 1285 1609 1327 Neista-

162 1367 253 1394 rum
280 1354 433 1395 nomini
462 1356 587 1396 semel
615 1356 895 1408 adhaesisset,
936 1355 1010 1397 alii
1036 1369 1109 1398 eas
1144 1369 1171 1396 a
1194 1354 1327 1404 {Nei'de
1366 1350 1609 1406 Amphionis

164 1426 204 1461 ct
229 1420 386 1463 Niobae
419 1421 507 1464 filia
536 1423 768 1476 appellatas
794 1429 1063 1479 memorarunt
1095 1421 1252 1472 (Schol.
1279 1420 1427 1473 Eurip.
1454 1420 1610 1462 Phoen.

165 1496 289 1535 1104.
319 1504 360 1544 Ρ.
383 1489 524 1547 232.),
563 1492 637 1533 alii
676 1505 703 1534 a
738 1492 868 1533 Nei’de
913 1492 1031 1533 Zethi
1068 1497 1107 1533 et
1144 1490 1322 1533 Aedonis
1354 1489 1439 1532 filio
1465 1489 1610 1545 (Paus-

162 1559 233 1603 IX.
264 1559 317 1610 8,-
344 1564 385 1601 3.
414 1571 457 1611 Ρ.
475 1565 545 1602 31.
584 1558 724 1601 Schol.
761 1558 881 1603 Hom.
919 1557 1073 1612 Odyss.
1106 1557 1216 1602 XIX.
1253 1555 1389 1613 523.)
1461 1554 1610 1596 Filiam

162 1633 293 1669 tamen
329 1626 460 1668 Zethi.
476 1627 644 1669 Neidem
678 1626 776 1669 facit
812 1626 1062 1680 Pherecydes
1089 1626 1157 1668 Fr.
1174 1625 1325 1668 XXIX.
1356 1639 1394 1678 p.
1419 1629 1513 1667 130.
1543 1622 1609 1663 id·-

164 1708 241 1747 que
270 1692 568 1734 convenientius
595 1693 724 1734 iudice
753 1692 1021 1735 Valckenario
1050 1692 1092 1732 in
1119 1692 1272 1736 Pboeu.
1303 1705 1343 1744 p.
1364 1697 1461 1734 730.
1527 1688 1605 1733 Ni-

161 1761 221 1802 hil
255 1762 303 1801 de
337 1759 478 1801 Nei‘dis
511 1766 599 1801 ortu
637 1759 868 1802 Scholiasta
902 1758 1094 1811 Aeschyli
1122 1759 1234 1810 Sept.
1263 1771 1304 1811 p.
1332 1764 1431 1800 189.
1490 1754 1604 1806 Quae

162 1821 213 1870 ad
256 1841 392 1870 veram
427 1827 614 1869 vocabuli
651 1826 847 1880 originem
884 1839 1003 1879 quam
1038 1825 1224 1878 apposite
1261 1824 1370 1868 dicta
1407 1823 1488 1864 sint
1522 1833 1607 1862 non

162 1897 320 1941 definio.
377 1896 562 1939 Viderint
594 1897 678 1941 isti.
735 1896 919 1949 Denique
955 1894 1133 1951 nominis
1167 1901 1371 1940 auctorem
1399 1905 1491 1934 esse
1518 1890 1605 1931 Mi-

159 1979 323 2009 nervam
353 1964 559 2018 Saiticam,
590 1977 691 2018 quae
720 1964 845 2006 Neith
870 1969 1057 2015 vocetur,
1087 1961 1332 2011 lablonskio
1353 1960 1458 2020 Opp.
1493 1960 1547 2003 Τ.
1569 1958 1602 2003 L

162 2051 202 2090 p.
224 2041 321 2079 244.
347 2034 481 2086 Wat.,
518 2034 744 2076 Minervam
774 2034 943 2089 Νηΐτιν,
985 2032 1170 2076 nimirum
1198 2031 1437 2084 virginalem
1465 2028 1605 2085 (νέαν)

164 2105 296 2146 adhuc
325 2116 468 2156 parum
505 2102 729 2155 cognitam,
766 2100 1034 2144 Schwenckio
1061 2099 1106 2140 in
1130 2098 1416 2154 Etymologicis
1444 2096 1603 2138 Memo-

163 2173 238 2213 riis
267 2186 308 2224 Ρ.
329 2177 425 2214 231.
455 2184 584 2224 nuper
612 2171 783 2223 placuit,
824 2183 991 2222 quorum
1028 2176 1267 2220 commenta,
1301 2174 1344 2216 ut
1377 2179 1476 2220 quae
1505 2179 1604 2208 con-

164 2240 286 2282 futari
314 2252 397 2287 non
420 2240 478 2281 ita
502 2250 669 2288 necesse
697 2239 764 2290 sit,
797 2238 900 2280 satis
925 2237 1144 2280 confutavit
1163 2237 1402 2279 Siebelisius
1427 2236 1470 2277 in
1492 2235 1604 2277 Pan-

165 2320 256 2349 san.
284 2318 325 2358 p.
352 2312 428 2350 30.v
486 2305 624 2351 Meam
660 2306 817 2358 quidem
858 2305 1172 2360 qualemcunque
1209 2306 1448 2347 sententiam
1484 2303 1602 2357 plene

165 2373 369 2427 explicare
397 2386 504 2415 nunc
535 2374 795 2427 supersedeo.
853 2372 960 2415 Illud
991 2387 1116 2426 unum
1143 2374 1254 2416 iuvat
1279 2374 1469 2425 recolere,
1497 2371 1603 2425 quod

166 2457 192 2484 a
228 2442 315 2483 solo
353 2441 599 2494 Apollodoro
637 2441 731 2500 (Πί.
764 2449 804 2495 6,
835 2441 897 2498 6,.)
936 2450 1075 2495 portae
1112 2443 1310 2487 Oncaides
1347 2449 1385 2484 et
1422 2439 1602 2494 Ogygiae

166 2510 362 2558 discretae
408 2508 604 2553 videntur.
675 2510 841 2553 Eri-oris
879 2511 984 2556 ,iude
1031 2512 1315 2565 Apollodorum
1357 2507 1605 2552 insimulavit

166 2579 390 2623 Muellerus
427 2579 613 2626 Orchom.
648 2594 691 2633 Ρ.
714 2586 815 2627 486.
882 2581 964 2623 Sed
1002 2582 1096 2634 quia
1131 2584 1181 2624 ab
1221 2583 1356 2626 eodem
1393 2579 1603 2631 scriptore,

170 2662 271 2701 quas
300 2646 447 2700 reliqui
484 2661 622 2690 omues
650 2655 897 2703 memorant,
933 2649 1105 2690 omissae
1135 2656 1229 2690 sunt
1257 2654 1394 2702 portae
1421 2647 1604 2698 Neistae,

167 2719 375 2760 Porsonus
410 2717 455 2758 in
491 2717 635 2772 Eurip.
664 2719 817 2765 Phoen.
848 2726 973 2763 11⁵0.
1003 2733 1044 2771 Ρ.
1066 2725 1136 2763 83.
1175 2733 1241 2762 ex.
1267 2719 1386 2772 Lips.
1420 2718 1499 2760 hoc
1528 2731 1604 2771 po-

171 2785 271 2828 suit:
308 2784 622 2840 Apollodomm
653 2790 874 2841 scripsisse
898 2790 1046 2842 primo
1082 2786 1155 2836 τὰς
1178 2785 1370 2843 Ὠγυγίας
1395 2783 1423 2844 ἢ
1437 2782 1604 2837 Ὀγκαΐ-

170 2854 271 2906 ὕας,
311 2853 468 2895 deinde
505 2852 581 2904 τὰς
612 2855 770 2911 Νηῖῗτας
797 2867 874 2896 suo
896 2855 1010 2905 1000,
1049 2853 1123 2895 sed
1146 2851 1369 2906 Ὀγκαΐῦας
1394 2853 1604 2897 σαί-981071,

177 2930 329 2979 postca
355 2926 419 2967 in.
433 2926 638 2978 margine
663 2928 919 2980 remitum,
943 2921 1039 2966 sede
1067 2937 1149 2967 sua
1176 2923 1362 2966 alterum
1388 2916 1498 2970 illud
1522 2932 1607 2959 ox-
