1824 3347
799 288 805 293 ,
924 267 946 288 x

305 417 366 499 De
403 425 531 493 portis
570 431 703 477 Neitis
738 432 969 476 Pausaniae
1016 431 1132 473 locus
1169 441 1230 476 est
1266 433 1331 476 hic
1370 433 1460 490 (ΙΧ.
1490 440 1604 486 8,3
1609 467 1620 476 .

176 520 217 558 p.
239 495 352 555 3122)
383 501 468 557 Τὰς
486 504 686 561 Νηΐτας
715 497 1010 561 ὅνὸμασθῆναί
1031 518 1160 557 φασιν
1185 503 1253 546 ἐπὶ
1280 502 1397 559 τῷδε·
1422 506 1472 548 ἐν
1500 511 1621 553 ταῖς

174 570 401 630 χορδαῖς
436 571 600 631 νήτην
630 571 894 616 καλοῦσιν
933 571 985 622 ἐξ
1018 567 1204 614 αὐτῶν·
1241 569 1395 625 ταύτην
1433 564 1506 615 οὖν
1543 567 1620 627 τὴν

173 637 323 699 χορδὴν
347 639 545 698 Ἀμφίονα
579 639 649 684 ἐπὶ
685 645 778 690 ταῖς
811 635 964 689 πύλαις
999 635 1173 688 ταύταις
1209 635 1390 692 ἀνευρεῖν
1416 637 1617 691 λέγουσιν.

175 707 252 750 Cui
270 707 431 750 lectioni
450 722 571 763 quum
592 713 725 750 status
744 706 1021 759 controversia
1050 706 1200 760 optimo
1221 705 1307 746 iure
1333 704 1482 746 moveri
1500 719 1618 757 posse

173 774 264 820 visa
290 785 397 820 esset
420 767 694 822 Val'ckenario
723 782 762 819 et
791 775 1015 830 Clavinio,
1050 776 1117 818 hic
1146 776 1221 817 snb
1249 773 1436 827 exemplo
1466 773 1618 814 Kuhnii

174 846 461 889 commendavit
485 845 744 904 mutationem
771 844 900 887 hancz
938 839 1064 903 νήτην
1093 845 1264 890 καλοῦσι
1304 842 1397 901 τὴν
1433 840 1620 896 ὀξυτά-

173 911 283 972 την,
322 914 393 956 ille
429 914 495 972 (in
531 914 674 967 Eurip.
700 913 854 958 Phoen.
881 926 922 966 Ρ.
943 912 1061 969 730.)
1097 911 1448 966 grammaticorum
1484 910 1622 965 potius

173 996 248 1036 ope
275 982 423 1035 fretus,
463 996 583 1036 quam
618 980 792 1035 vestigia
817 981 1062 1034 litterarum,
1100 980 1242 1034 quibus
1279 979 1425 1023 institit
1454 978 1620 1022 Clavie-

171 1048 272 1102 rius,
300 1048 587 1104 persequutus:
614 1048 740 1108 νήτην
767 1048 942 1095 καλοῦσι
966 1049 1061 1107 τὴν
1087 1046 1320 1107 ἐσχάτη»,
1351 1062 1428 1101 qno
1455 1048 1617 1090 invento

169 1116 272 1160 nihil
299 1119 550 1173 exploratius
579 1120 718 1161 habuit
746 1118 844 1164 Car.
876 1115 1001 1161 Gottl.
1027 1118 1218 1160 Kuhnius
1248 1117 1291 1159 in
1319 1117 1406 1163 lud.
1437 1118 1615 1162 Graecit.

171 1186 213 1226 in
248 1187 407 1230 Aelian.
435 1187 533 1231 Var.
569 1187 694 1231 Histt.
730 1201 772 1241 Ρ.
793 1192 894 1231 424.
962 1186 1178 1241 vulgatam
1215 1193 1347 1228 tamen
1378 1187 1634 1243 scripturam.

170 1254 265 1320 hnic
312 1257 578 1298 emendationi
619 1258 848 1310 anteposuit
884 1256 1070 1298 Sturzius
1115 1256 1158 1297 in
1199 1255 1419 1312 Pherecyd.
1453 1270 1494 1309 Ρ.
1517 1262 1614 1300 130.

172 1329 386 1376 auctorque
423 1325 554 1366 extitit
595 1324 835 1367 Siebelisius
871 1323 913 1365 in
946 1325 1128 1368 Pausan.
1162 1324 1193 1368 l.
1231 1325 1271 1368 d.
1308 1338 1350 1377 Ρ.
1371 1330 1463 1377 30.,
1509 1332 1551 1366 ut
1578 1324 1613 1365 si

171 1391 262 1445 quis
279 1391 393 1434 illam
409 1387 669 1446 anteponitis
698 1380 894 1435 orationis
921 1385 1144 1444 exilitatem
1169 1393 1324 1447 mitiget
1350 1393 1471 1435 tacito
1500 1394 1617 1436 addi-

170 1457 341 1501 tamento
369 1457 537 1502 voculae
565 1459 669 1506 τινά.
729 1460 819 1512 Quo
852 1461 1023 1503 consilio
1054 1461 1162 1503 nihil
1185 1461 1369 1514 equidem
1396 1474 1615 1505 movemur.

170 1526 355 1581 Namque
383 1527 452 1568 hic
482 1529 622 1569 subest
650 1539 820 1580 graecae
839 1527 1068 1581 latinaeque
1086 1528 1343 1581 proprietatis
1361 1529 1615 1582 constructio,

173 1595 291 1637 cuius
326 1602 365 1638 et
401 1609 501 1637 usus
538 1595 738 1638 latissime
763 1602 873 1650 patet
901 1601 940 1638 et
975 1595 1202 1638 observatio
1231 1596 1365 1638 multis
1395 1596 1493 1638 loeis
1519 1611 1612 1650 per-

172 1676 293 1717 quam
319 1664 520 1717 impeditis
550 1665 681 1705 lucem
707 1664 842 1716 affert,
879 1676 983 1719 quae
1008 1677 1115 1710 nunc
1140 1665 1371 1717 percognita
1398 1671 1461 1705 est
1489 1677 1612 1717 opera

170 1725 469 1788 Wyttenhachii
505 1732 548 1773 in
579 1733 740 1777 Platon.
778 1732 930 1776 Phaed.
968 1745 1009 1785 Ρ.
1034 1738 1154 1785 285.,
1199 1731 1407 1782 Schaeferi
1446 1732 1488 1773 in
1522 1733 1609 1774 Iud.

171 1801 348 1847 Graecit.
368 1803 420 1843 ad
432 1801 601 1855 Gregor.
621 1801 714 1847 Cor.
744 1816 784 1856 Ρ.
795 1808 908 1855 986.,
935 1801 1115 1843 Dissenii
1135 1815 1274 1845 comm.
1293 1801 1337 1842 in
1353 1801 1473 1844 Pind.
1491 1802 1610 1847 Nem.

170 1869 243 1915 IX.
268 1875 339 1914 41.
368 1883 408 1923 Ρ.
426 1874 524 1914 492.
573 1869 628 1911 Ut
645 1871 695 1912 ab
717 1870 991 1924 exemplorum
1009 1869 1128 1932 copia
1149 1870 1253 1911 satis
1278 1870 1415 1923 ampla
1433 1884 1612 1953 parcam,

168 1936 352 1980 Platonis
381 1938 505 1978 verba
534 1950 638 1991 quae
665 1931 855 1991 leg'untur
883 1937 926 1979 in
951 1937 1025 1979 Ph·
1016 1930 1103 1981 ted.
1134 1951 1175 1990 p.
1199 1944 1295 1981 107.
1308 1937 1378 1981 C.:
1409 1935 1484 1995 οὐχ
1510 1940 1611 1994 ὑπὲρ

169 2007 245 2049 τοῦ
259 2001 404 2065 χρόνου
428 2020 574 2048 τουτου
590 2003 731 2061 μόνον,
760 1997 857 2049 ἐν
822 2024 857 2062 ῳ
876 2003 1082 2060 καλοῦμεν
1108 2002 1155 2049 τὸ
1183 2007 1256 2063 ζῆν
1291 2006 1343 2046 ad
1374 2006 1611 2047 sententiam

170 2072 490 2115 commodissime
523 2074 582 2115 sic
615 2072 851 2115 iuven-teris:
895 2076 939 2118 ἒν
977 2067 1011 2130 ᾧ
1040 2072 1089 2118 τὸ
1117 2068 1363 2129 καλουμενον
1392 2074 1462 2131 ζῆν
1487 2076 1606 2117 ἐστίν.

167 2141 257 2183 Hoc
286 2142 541 2184 considerato
571 2143 738 2184 arduum
764 2155 846 2183 non
872 2148 934 2184 est
962 2141 1125 2184 definire
1142 2142 1371 2184 Pausaniae
1399 2141 1626 2201 verborum-

169 2211 336 2254 sen'sum
364 2212 537 2265 aliquem
564 2213 673 2255 haud
702 2212 825 2266 plane
852 2201 1093 2254 absurdum:
1122 2212 1192 2264 „in
1212 2212 1373 2254 chordis
1399 2218 1473 2265 est,
1504 2226 1608 2265 quae

166 2285 368 2333 postrema
404 2292 542 2321 earum
577 2280 739 2333 proprie
774 2278 1049 2337 appellatur.“
1105 2280 1300 2321 Fortasse
1330 2285 1463 2321 tamen
1488 2293 1609 2333 prae-

166 2353 247 2390 stat
272 2347 501 2389 Pausaniae
538 2349 702 2389 reddere
740 2345 834 2406 τὴν
862 2347 999 2406 νήτην.
1067 2347 1201 2400 Quam
1226 2346 1511 2402 appellationis
1537 2359 1606 2387 ra-

163 2417 309 2458 tionem
331 2414 465 2455 minus
492 2415 693 2470 explicate
725 2415 848 2457 tradit
867 2414 1106 2457 Scholiasta
1132 2415 1277 2468 Eurip.
1306 2415 1460 2456 Phoen.
1484 2419 1608 2456 1104.

162 2473 348 2540 Ρ.’232.ε
386 2481 559 2540 Νηῗται)
588 2483 674 2528 ἐπεὶ
708 2485 853 2529 νέαται
890 2485 1015 2540 εἲσὶν,
1061 2497 1137 2526 nec
1164 2483 1350 2527 disertius
1376 2482 1604 2538 Hesychius

162 2567 206 2606 Ρ.
230 2558 349 2596 675.:
389 2552 531 2608 Νηΐσι·
570 2559 659 2603 ταῖς
695 2550 851 2603 πύλαις
887 2560 979 2604 ταῖς
1015 2551 1199 2610 πρώταις
1236 2556 1305 2596 καὶ
1341 2553 1604 2604 τελευταίαις,

164 2635 265 2676 quae
298 2622 348 2663 ab
388 2633 434 2662 eo
466 2625 670 2662 mutuatus
705 2628 765 2664 est
802 2621 1055 2664 Phavorinus
1093 2635 1135 2675 p.
1158 2627 1254 2665 525.
1315 2620 1432 2671 Quod
1456 2620 1511 2661 ibi
1541 2634 1608 2661 re-

165 2690 315 2744 peritur
352 2689 535 2746 Νηΐσι,
575 2690 626 2729 ab
653 2687 822 2730 Heinsio
863 2691 1019 2744 quidem
1056 2695 1093 2729 et
1122 2687 1341 2731 Abreschio
1371 2687 1607 2729 Animadvv.

165 2761 215 2801 ad
239 2758 428 2813 Aeschyl.
462 2755 551 2800 Vol.
566 2755 599 2800 1.
629 2770 670 2810 p.
693 2764 792 2803 106.
823 2763 1129 2813 transmutatum
1157 2762 1219 2798 est
1247 2756 1289 2796 in
1320 2756 1507 2813 Νηίταις,
1532 2756 1608 2797 mi-

162 2829 228 2871 hi
239 2842 331 2870 vero
369 2827 529 2869 facilins
567 2834 605 2868 et
645 2826 790 2870 rectius
827 2827 973 2869 mutari
1003 2826 1156 2868 videtur
1195 2826 1234 2866 in
1273 2826 1452 2884 Νηΐτῃσι
1485 2837 1609 2878 piop-

166 2904 294 2950 tenea,
335 2898 439 2950 quod
471 2895 553 2938 Hc
536 2894 671 2952 sychio
712 2895 931 2939 verisimile
965 2898 1027 2937 cst
1063 2881 1478 2994 obversatihm*siiisse
1520 2905 1609 2933 ver-
