1824 3347
878 252 948 304 22

202 356 424 399 restituitur
450 366 489 401 et
510 361 764 416 corruptelae
793 363 884 405 fons
912 370 1101 417 apparet,
1130 376 1272 404 versus
1303 363 1363 405 sic
1390 361 1650 405 reconcinne-

201 432 284 466 tur:
312 426 509 482 „Hypsea
528 430 593 472 Pr
607 432 712 474 oeti
726 434 816 489 alde
829 446 870 485 S,
890 432 1043 474 celsum
1064 431 1203 473 fudere
1220 431 1405 486 Dryanta
1420 432 1651 476 Electrae.“

202 491 248 533 ln
278 507 368 536 enm
396 498 503 539 enim
532 502 692 542 modum
721 500 902 553 variare,
931 513 983 541 ne
1010 499 1228 541 remotiora
1256 504 1402 553 petam,
1430 500 1652 542 Electrides

201 568 239 604 et
264 563 522 610 Electriades
548 571 829 618 recordabere3
859 570 1022 623 plenam
1048 569 1354 623 descriptionem
1378 569 1499 610 huius
1528 581 1653 623 gene-

200 631 260 672 ris
297 633 367 686 qui
405 638 697 692 concupiverit,
735 639 954 681 doctrinam
990 640 1146 681 abunde
1185 637 1349 681 habebit
1375 636 1577 690 Heringae
1611 638 1654 679 in

202 700 325 744 Mise.
358 704 477 748 Obss.
509 707 613 751 Nov.
646 706 703 750 Τ.
724 706 833 751 Vlll.
864 722 905 762 p.
929 714 1027 752 930.
1053 707 1288 757 vD’Orvillii
1327 705 1428 748 Crit.
1456 705 1587 749 Vana.
1617 721 1653 750 c.

204 768 276 814 IX.
318 780 475 825 P.‹377.
504 774 764 817 Valckenarii
797 778 827 821 l.
860 779 922 830 d.,
962 778 1170 819 Ouwensii
1199 777 1331 819 Noctt.
1360 775 1468 828 Hag.
1499 775 1553 820 11.
1583 774 1653 820 '15.

205 853 247 892 p·
269 847 365 883 286.
389 842 469 895 sqs
518 843 675 885 Nomen
715 846 879 887 venisse
921 861 947 888 a
983 847 1127 888 Proeto
1164 871 1221 878 —
1258 857 1373 885 nemo
1411 850 1516 884 unn‘s
1554 843 1655 884 dixit

204 906 428 960 Proeteum‚
458 923 509 950 ne
540 911 629 964 quis
657 912 843 964 opinetur
864 914 1031 955 licuisse
1055 914 1186 955 Statio
1212 913 1408 954 Graecum
1428 910 1657 975 Προιτῇδες

207 974 332 1026 (conf.
352 975 551 1020 D'Orvill.
579 978 622 1019 in
643 978 797 1023 Charit.
828 995 870 1034 p.
893 988 991 1025 309.
1013 995 1074 1034 sq.
1105 995 1170 1022 ex.
1198 980 1337 1033 Lips„
1368 979 1557 1022 Ouwens.
1582 978 1655 1022 111.

206 1046 273 1083 23.
303 1054 342 1094 p,
363 1042 482 1098 609.)
509 1044 636 1087 latine
668 1046 809 1090 efferre
838 1048 1045 1090 Proetides
1066 1072 1119 1082 —
1142 1060 1168 1088 a
1196 1047 1338 1089 Proeto
1362 1046 1486 1099 igitur
1512 1059 1655 1088 nomen

202 1111 389 1164 venisse,
421 1114 488 1165 qui
514 1117 566 1156 ab
595 1116 755 1158 Acrisio
786 1117 909 1170 Argis
940 1118 1087 1158 eiectus
1119 1118 1226 1169 apud
1251 1115 1417 1156 Thebas
1448 1116 1582 1156 sedem
1607 1113 1657 1154 fi-

205 1179 324 1232 xerit,
356 1187 533 1223 autumat
564 1190 677 1225 vetus
705 1185 901 1238 interpres
931 1184 1138 1237 Euripidis
1168 1183 1320 1234 Phoen.
1341 1189 1466 1226 1109.
1496 1195 1536 1234 P.
1557 1186 1656 1223 235.

208 1247 335 1289 Secus
369 1249 597 1291 Pausanias
637 1252 707 1293 IX.
737 1259 785 1305 8,
822 1259 859 1296 3.
890 1267 931 1306 p.
956 1258 1047 1304 31.,
1088 1251 1154 1305 qni
1184 1264 1236 1292 ex
1266 1250 1477 1291 Thebanis
1507 1248 1658 1290 audivit

206 1315 246 1355 id
277 1329 423 1357 nomen
449 1331 539 1359 esse
567 1319 702 1360 Proeti
730 1320 905 1362 hominis
935 1320 1165 1373 indigenae,
1195 1321 1273 1374 qui
1301 1333 1389 1374 qua
1418 1326 1563 1360 aetate
1589 1320 1658 1359 vi-

209 1387 337 1425 xerit
365 1394 409 1426 et
437 1387 550 1428 unde
579 1402 718 1441 genus
756 1391 962 1442 dua-erit,
1001 1385 1261 1447 difficilius,
1293 1396 1335 1430 ut
1365 1389 1444 1440 ait,
1479 1385 1575 1444 fuit
1601 1388 1661 1428 ad

208 1453 533 1496 inveniendum.
606 1456 692 1498 Nec
729 1471 828 1498 sane
867 1458 1085 1510 quidquam
1121 1457 1278 1498 videtur
1316 1454 1539 1507 invenisse,
1580 1467 1657 1507 quo

208 1521 388 1564 hominis
418 1525 652 1567 memoriam
679 1526 903 1569 illustraret
933 1529 984 1568 ab
1010 1526 1207 1581 Aeschylo
1240 1525 1351 1578 Sept.
1380 1539 1419 1568 ν.
1438 1530 1533 1568 391.
1561 1538 1659 1577 pro-

210 1591 347 1642 ditam,
380 1593 467 1632 eius
501 1594 736 1636 Scholiasta
765 1609 806 1649 p.
832 1602 929 1639 181.
962 1595 1147 1638 Schuetz.
1178 1598 1386 1634 contentus
1424 1592 1493 1634 ille
1523 1604 1659 1633 vocem

208 1664 406 1715 Προιτίσι
432 1659 492 1716 (v,
515 1663 637 1720 373.)
666 1664 732 1706 his
761 1671 949 1707 notasse:
979 1671 1070 1715 ταῖς
1093 1662 1177 1708 ἀπὸ
1198 1666 1395 1717 Προίτου.
1453 1660 1565 1714 Ergo
1592 1660 1658 1702 ni-

205 1730 265 1770 hil
296 1732 489 1783 suppetit,
531 1746 607 1785 quo
637 1734 828 1775 Proetum
868 1748 889 1775 e
923 1733 1098 1774 tenebris
1137 1738 1175 1773 et
1206 1731 1366 1773 silentio
1397 1730 1659 1784 proferamus,

210 1799 529 1851 quandoquidem
556 1815 607 1843 ne
636 1802 738 1843 illud
769 1802 926 1856 quidem
955 1815 1027 1855 per
1046 1801 1336 1842 Thebanorum
1360 1798 1507 1840 famam
1528 1800 1660 1841 omni-

209 1878 263 1905 no
293 1866 493 1919 integrum
524 1875 605 1921 est,
634 1877 676 1910 ut
704 1871 769 1911 hic
799 1871 837 1912 is
866 1872 1087 1922 habeatur,
1118 1869 1234 1911 cuius
1266 1868 1392 1908 filiam
1423 1868 1660 1910 Galinthia-

210 1936 298 1975 dem
336 1943 534 1978 maturato
574 1938 791 1979 Alcmenae
838 1946 958 1991 partu
1004 1938 1180 1979 nobilem
1217 1935 1401 1989 perhibet
1437 1935 1661 1977 Antoninus
1722 1966 1724 1968 -

208 2003 427 2047 Liberalis.
497 2005 578 2047 Sed
617 2019 737 2060 quam
779 2012 932 2061 partem
965 2005 1173 2047 Proetides
1203 2008 1458 2057 prospectent
1495 2002 1538 2043 in
1564 2016 1662 2044 con-

208 2070 319 2112 fesso
360 2077 423 2113 est
463 2086 561 2114 cura
588 2073 845 2126 Pausaniae,
885 2073 954 2127 qui
986 2074 1036 2115 ab
1067 2072 1133 2114 his
1160 2071 1286 2125 portis
1316 2069 1546 2112 Chalcidem
1571 2071 1661 2113 Eu-

209 2139 335 2179 boeae
365 2142 504 2181 urbem
532 2140 590 2182 ita
619 2142 722 2182 adiri
743 2141 976 2196 docet-(IX.
1001 2147 1068 2192 18,
1094 2147 1131 2183 1.
1157 2153 1199 2192 p.
1219 2137 1325 2193 63.)‚
1356 2144 1400 2179 ut
1430 2146 1521 2196 aute
1547 2140 1661 2181 Teu-

208 2220 349 2248 mesus
381 2222 496 2250 mons
537 2209 612 2265 (id.
644 2224 678 2253 c.
704 2218 778 2263 19,
823 2218 861 2253 1.
895 2216 939 2253 3.
966 2223 1005 2263 p.
1029 2215 1097 2253 66.
1118 2209 1206 2262 67.)
1247 2212 1286 2247 et
1322 2205 1396 2247 vici
1434 2206 1588 2249 Harma
1624 2215 1662 2250 et

210 2275 468 2331 Mycalessus
507 2278 560 2334 (l.
591 2285 668 2331 34,
699 2287 739 2323 2.
771 2286 929 2334 p.151.
968 2278 1040 2322 ΙΧ.
1080 2285 1155 2330 19,
1193 2281 1234 2320 4.
1263 2289 1306 2329 p.
1325 2280 1394 2318 67.
1430 2273 1564 2320 Strah.
1589 2277 1662 2332 lx,
1696 2304 1704 2306 >

211 2360 250 2399 p.
284 2347 405 2397 404.)
444 2348 706 2400 attingantur.
787 2348 1009 2390 'transitus
1045 2353 1178 2390 autem
1214 2359 1235 2386 e
1274 2343 1442 2385 Boeotia
1486 2344 1530 2385 in
1572 2346 1663 2388 En-

209 2416 352 2457 boeam
392 2421 455 2457 est
483 2417 536 2458 ad
566 2416 867 2473 Hermaeum³)
906 2416 1021 2474 (Liv.
1050 2414 1220 2459 XXXV.
1253 2411 1343 2468 ⁵0.)
1374 2424 1400 2454 a
1428 2412 1662 2469 Mycalesso

348 2570 386 2615 5)
408 2570 467 2615 De
492 2570 567 2607 hoc
591 2571 785 2606 Hermaeo
807 2568 968 2614 defecit,
991 2575 1034 2606 ut
1050 2569 1218 2616 videtur,
1252 2571 1550 2620 WVesselingium
1566 2569 1662 2606 insta

215 2622 413 2661 doctrinae
438 2625 567 2673 copia,
602 2624 705 2675 quod
736 2624 873 2661 iter-nm
892 2624 929 2660 ei
953 2625 1137 2663 accidisse
1159 2626 1259 2663 haud
1287 2628 1402 2665 facile
1421 2625 1661 2665 crediderim.

213 2680 249 2714 Is
269 2680 371 2715 enim
388 2679 693 2731 'quum‘ZEqpmcor
717 2684 754 2716 ἐν
771 2683 962 2727 Κορωνείᾳ
981 2683 1045 2725 τῆς
1060 2684 1237 2721 Βοιωτίας
1251 2683 1423 2729 ‘cdxcv-in
1436 2681 1555 2719 Ethic.
1572 2681 1664 2717 Ari-

212 2738 374 2772 etot-111.
404 2750 441 2784 p.
463 2741 522 2777 46.
547 2753 569 2776 a
593 2740 759 2778 Liviano
785 2751 869 2776 esse
894 2739 1076 2776 remotius
1098 2739 1261 2778 vidisset
1286 2750 1416 2790 neque
1438 2744 1546 2774 extra
1561 2738 1662 2776 Livii

207 2794 339 2829 locum
355 2794 445 2831 alibi
462 2808 621 2846 usquam
640 2796 954 2845 deprehendisset
969 2798 1214 2842 Hermaeum,
1240 2810 1334 2834 num
1350 2795 1551 2832 Livianum
1562 2795 1664 2832 istud

207 2852 311 2888 bene
327 2846 502 2897 haberet,
532 2854 811 2890 dubitationem
828 2853 936 2890 dedit
953 2852 1099 2890 adnott.
1120 2853 1163 2889 in
1178 2853 1323 2890 Herod.
1342 2855 1410 2889 lx.
1425 2854 1482 2889 59.
1509 2864 1546 2900 p.
1562 2853 1663 2890 1077.

209 2909 332 2956 Quam
355 2906 635 2946 dubitationem
656 2909 828 2947 funditus
848 2908 1004 2954 evertit,
1034 2920 1151 2957 quem
1173 2920 1246 2946 nos
1267 2908 1309 2945 in
1327 2909 1454 2945 lucem
1480 2907 1666 2946 evocavi-
