1824 3347
1449 0 1487 29 ’ὡ
1515 0 1691 38 ῑζῖξῑῗιῖἷιμ
1761 0 1763 3 ’

915 267 979 316 14

213 373 347 416 ruisse
376 374 434 429 ait
462 373 884 425 fontemAretIadem.
955 377 1116 420 Certum
1145 386 1208 421 est
1237 380 1343 422 enim
1371 389 1489 437 atquc
1518 382 1664 437 explo-

210 448 341 483 ratum
379 454 406 483 a
443 442 654 485 Pausania
699 450 739 492 ‚et
777 444 959 485 locorum
998 447 1173 499 positum
1211 447 1408 491 declarari
1451 450 1665 493 secundum

209 513 287 554 iter
326 525 403 565 quo
442 511 613 555 Thebas
643 513 848 555 advenerit
877 521 915 555 et
935 512 1141 574 Ἰσμήνιον
1167 516 1235 558 hie
1264 516 1428 560 fluvium
1446 520 1554 575 'dici,
1584 535 1665 563 non

212 584 404 637 templum
433 584 495 625 dei
527 584 705 627 Ismcnii.
776 585 894 624 iuxta
929 579 1122 626 Martium
1147 584 1318 639 fontem,
1359 599 1474 640 quem
1503 591 1665 643 praedi-

209 640 371 705 ximus,
401 653 596 694 tumulus
641 651 846 693 visebatur
872 651 1068 705 Caanthi,
1107 653 1174 706 qui
1205 662 1324 707 quum
1366 664 1543 698 sororem
1570 656 1665 700 Me-

208 721 329 773 liam,
361 733 480 773 quam
514 733 703 774 quaerere
732 732 758 760 a
788 726 901 771 patre
930 719 1023 760 Oce·
1014 733 1091 760 auo
1120 717 1258 762 iussus
1283 727 1414 772 esset,
1456 723 1507 763 ab
1535 720 1665 777 Apol-

207 789 292 830 line
336 794 495 841 raptore
540 789 735 829 abducere
774 781 1045 839 nequivisset,
1091 788 1224 841 ignem
1268 789 1310 830 iu
1358 786 1489 830 lucum
1537 793 1665 834 Ismess

209 858 322 899 nium
360 868 484 897 ausus
524 855 685 896 iniicere
725 854 852 896 fertur
883 854 934 896 ab
964 855 1153 909 Apolline
1192 856 1351 909 sagittis
1385 856 1568 899 confixus
1598 872 1664 900 es-

216 940 274 978 se,
303 935 342 968 va
372 925 552 967 Pausan.
584 937 620 968 c.
652 930 719 976 10,
754 931 792 968 5.
824 938 865 976 p.
889 928 982 976 37„
1023 926 1128 977 quod
1158 934 1310 978 poenae
1342 938 1470 978 genus
1499 928 1664 980 pervulss

211 1001 351 1048 gatum
380 999 442 1034 est
471 999 509 1034 et
539 999 753 1034 tractatum
781 992 1042 1033 multifariam
1072 1005 1098 1033 a
1126 992 1228 1034 viris
1259 992 1408 1047 doctis,
1438 995 1486 1035 de
1516 995 1662 1047 quibus

207 1071 373 1120 propter
407 1062 648 1116 Amphionis
684 1062 917 1103 memoriam
954 1063 1184 1104 nominasse
1224 1062 1324 1104 satis
1363 1068 1427 1105 est
1464 1063 1664 1106 Burman-

207 1148 304 1176 num
330 1135 416 1175 Iov.
447 1132 569 1185 Fulg.
598 1131 684 1172 XV.
716 1145 755 1183 p
788 1138 886 1175 344.

345 1200 505 1243 Relicto
545 1200 719 1243 Caanthi
758 1200 942 1254 sepulcro
972 1199 1202 1242 Pausanias
1235 1200 1278 1242 in
1310 1201 1469 1244 laevam
1508 1209 1663 1257 partem

207 1270 298 1312 viae
328 1275 446 1322 atque
475 1270 518 1309 in
558 1268 790 1309 suburbium
818 1269 1004 1311 Electras
1042 1270 1256 1314 concessit.
1317 1260 1384 1312 'De
1425 1282 1502 1324 quo
1533 1270 1663 1325 expo-'-

208 1338 347 1379 situris
374 1338 494 1378 nobis
528 1350 630 1390 opus
671 1343 756 1390 est,
807 1351 907 1390 quae
946 1339 993 1379 de
1025 1351 1145 1379 cursu
1173 1339 1316 1380 Dirces
1352 1346 1390 1381 et
1416 1340 1561 1383 Ismeni
1593 1341 1664 1383 'in-

209 1406 401 1459 quirendo
428 1405 620 1457 exequuti
656 1418 818 1456 sumus,
857 1406 1030 1446 breviter
1058 1406 1277 1449 declarare.
1347 1404 1544 1450 Nimirum
1587 1423 1662 1463 per

210 1473 378 1526 aliquod
417 1472 615 1526 spatium,
654 1472 758 1514 sicut
791 1473 972 1514 nascitur
1007 1473 1050 1514 in
1078 1480 1211 1516 monte
1241 1474 1505 1532 Cithaerone,
1540 1474 1662 1520 Dirce

167 1591 172 1594 .
209 1556 291 1584 uuo
327 1549 444 1583 amne
474 1542 670 1594 decurrit,
698 1545 791 1595 post
818 1542 888 1584 ubi
915 1542 1031 1595 aquis
1054 1543 1223 1601 increvit
1250 1545 1436 1588 dividitur
1473 1553 1511 1589 et
1547 1549 1664 1603 quasi

206 1609 369 1663 gemina
398 1608 578 1650 exoritur
608 1615 837 1662 quantaque
871 1609 1043 1663 simplici
1069 1611 1184 1653 alveo
1215 1619 1399 1665 venerat,
1439 1620 1551 1658 tanta
1579 1617 1662 1658 fere

207 1677 381 1731 singulis
411 1676 469 1718 ita
499 1676 646 1730 effluit,
687 1683 729 1717 ut
757 1681 942 1721 Ismenus
978 1677 1124 1719 fluvius
1154 1680 1409 1722 dextrorsum
1437 1679 1663 1725 inflectatur

207 1750 247 1788 et
276 1745 422 1786 diutins
451 1744 636 1798 labatur,
674 1750 888 1797 antequam
916 1745 1009 1798 ipsa
1032 1745 1264 1788 Thebarum
1298 1749 1456 1791 moenia
1486 1752 1662 1809 attingit,

207 1814 330 1857 Dirce
365 1823 449 1855 non
490 1813 550 1855 ita
586 1825 734 1871 magno
776 1816 828 1855 ab
868 1817 1024 1856 Ismeno
1064 1815 1245 1859 seiuncta
1284 1817 1499 1861 intervallo
1532 1825 1661 1873 paene

206 1890 319 1925 recta
345 1888 385 1924 et
421 1884 473 1923 ad
502 1881 749 1923 occidentale
779 1880 893 1923 urbis
923 1882 1031 1923 latus
1061 1882 1274 1928 deferatur.
1332 1886 1418 1927 Iam
1452 1890 1662 1929 attenden-

207 1955 305 1995 dum
343 1957 406 1993 est
444 1952 497 1992 ad
532 1952 658 1992 verba
687 1949 928 1990 Dicaearchi
962 1949 1045 1993 Vit.
1076 1950 1220 1996 Graec.
1247 1965 1287 2005 p.
1312 1957 1433 1997 189.=
1475 1958 1663 2016 ποταμοὶ

206 2023 349 2082 ῥέουσι
387 2019 451 2065 δ
424 2040 440 2064 ι
493 2018 659 2079 αὐτῆς
705 2015 805 2071 δύο,
851 2017 901 2062 τὸ
940 2018 1223 2075 ῦποκείμενον
1263 2023 1314 2082 τῆ
1354 2020 1478 2065 πόλει
1516 2018 1662 2068 πεδίον

204 2095 293 2136 πᾶν
329 2085 590 2147 ἀρδεύοντες,
631 2088 776 2141 quihus
836 2087 899 2128 ad
934 2090 1210 2129 territur-tum
1246 2096 1383 2130 torum
1421 2105 1559 2146 neque
1602 2091 1662 2133 ad

205 2158 353 2201 urbem
381 2166 555 2200 tantum
583 2158 798 2211 respicere
838 2155 1011 2209 scriptor
1037 2156 1151 2198 visus
1180 2162 1242 2198 est
1272 2152 1407 2199 Gailio
1437 2158 1481 2200 in
1511 2159 1659 2213 Geogr.

205 2228 312 2272 Min.
340 2227 433 2270 Vol.
463 2222 512 2269 II.
543 2240 586 2280 p.
620 2232 717 2269 189.
746 2230 913 2278 sequuto
944 2225 987 2266 in
1016 2237 1063 2267 eo
1093 2224 1219 2269 Henr.
1260 2226 1457 2280 Stephani
1483 2228 1660 2271 arbitra-

206 2303 302 2341 tum,
379 2295 544 2336 Scilicet
566 2294 660 2335 istis
690 2306 773 2334 non
804 2293 992 2347 contigit,
1031 2299 1076 2335 ut
1104 2295 1242 2336 urbem
1271 2299 1309 2337 et
1338 2296 1578 2339 territorium
1607 2299 1665 2340 ab‘

204 2368 296 2422 ipso
335 2365 587 2408 Dicaearcho
625 2364 806 2406 viderent
853 2364 1058 2406 enucleate
1096 2364 1283 2410 discerni.
1327 2363 1435 2409 Dein
1480 2368 1662 2421 quamvis

205 2434 508 2489 praepositione
535 2430 604 2476 διά
635 2432 798 2484 saepius
829 2443 993 2473 numero
1025 2432 1193 2486 aequari
1232 2433 1313 2475 vim
1338 2447 1387 2476 ac
1420 2436 1660 2489 potestatem

205 2502 521 2559 praepositionis
549 2495 668 2558 παρά
696 2501 896 2543 subtiliter
922 2507 961 2542 et
989 2502 1149 2555 copiose
1176 2501 1387 2556 disputarit
1414 2503 1660 2547 Abrescliius

208 2577 263 2616 ad
288 2575 474 2628 Xenoph.
516 2570 673 2626 EpheS.
703 2570 772 2615 lv.
801 2584 844 2624 Ρ.
873 2577 950 2615 56(
975 2573 1018 2612 in
1045 2572 1165 2616 Misc.
1205 2572 1330 2619 obss·
1364 2574 1469 2619 Nov.
1502 2572 1560 2618 Τ.
1590 2572 1659 2619 VI.

207 2653 250 2700 Ρ.
280 2646 378 2688 490.
414 2650 455 2686 et
489 2643 533 2685 in
569 2641 1015 2687 Animadversionibus
1037 2645 1090 2685 ad
1119 2643 1206 2687 Viri
1236 2642 1299 2688 Cl.
1341 2647 1389 2686 de
1420 2644 1658 2698 quibusdam

207 2713 312 2757 locis
347 2708 462 2754 mori
491 2715 698 2768 ἐπίκρισιν
723 2708 822 2754 ibid'.
848 2723 889 2763 Ρ.
921 2712 1094 2755 625.'-—
1118 2724 1159 2764 Ρ.
1180 2718 1300 2766 636.,
1328 2712 1567 2756 Dicaearchi
1592 2721 1658 2756 ta-

205 2790 300 2823 men
329 2779 456 2820 oratio
496 2779 709 2831 quominus
737 2778 783 2819 in
812 2777 1042 2830 ambiguum
1077 2778 1284 2833 implicata
1310 2780 1526 2835 habeatur,
1568 2793 1658 2823 mo-

203 2857 318 2892 ratur
345 2846 589 2901 gravissima
618 2845 837 2886 auctoritas
865 2844 1115 2898 Pausaniae,
1145 2846 1213 2898 qui
1240 2859 1360 2899 quum
1384 2848 1658 2901 perlustraret,

204 2928 312 2973 quae·
349 2917 461 2971 apud
502 2918 643 2968 portas
680 2913 846 2956 Neistas
898 2912 1102 2956 extiterint
1147 2920 1367 2956 memoratu
1406 2915 1555 2971 digna,
1613 2931 1657 2959 se

1802 2380 1824 2406 r
