1824 3347
156 425 250 466 sons
278 413 500 475 Oedipodia
528 420 757 475 sepulturae
781 416 901 461 vlocus
935 416 1174 462 destinatus.
1231 420 1301 462 Sic
1337 422 1439 465 haec
1475 437 1597 477 quum

159 491 322 536 Tzetza
353 492 482 536 schol.
518 492 560 532 in
587 489 791 545 Lycophr.
823 491 948 531 1194.
978 492 1017 527 et
1047 492 1172 529 1208.
1201 489 1462 544 prodidisset,
1491 493 1598 535 idem

157 562 248 602 dum
287 562 338 602 ad
365 561 669 616 Lycophronem
697 555 927 611 diligentius
962 568 1005 596 se
1045 549 1244 609 applicat,
1287 557 1398 600 solos
1430 560 1599 603 Theba-

154 642 231 669 nos
261 629 366 669 bello
399 643 446 670 ac
477 627 709 682 pestilentia
738 638 957 678 oppressos
992 627 1043 666 ab
1071 623 1259 677 Apolline
1290 639 1402 677 opem
1430 630 1599 680 petivis-

156 711 201 738 se
231 698 349 740 refert
379 699 530 740 scholio
557 697 599 738 in
616 703 806 740 1ν.1210.
868 695 1052 737 Concinit
1069 694 1345 736 Aristodemus
1375 709 1440 748 ap.
1458 697 1596 743 Schol,

153 758 272 813 Hom,
304 767 350 811 Il.
390 767 500 812 XllI.
532 766 593 819 1.,
644 780 720 819 quo
751 771 911 806 auctore
932 764 1131 805 'Thebani
1161 763 1324 804 oraculo
1367 763 1469 804 iussi
1503 774 1597 808 suut

155 841 426 890 transportare
457 840 500 891 ἐξ
523 837 748 894 Ὀφρυνίου
788 836 883 891 (hoc
924 837 1085 876 debetur
1114 833 1295 876 Meursio
1326 833 1367 875 in
1395 833 1597 889 Lycophr.

155 916 214 956 p„
235 904 352 961 308.)
389 909 461 963 τῆς
504 902 699 960 Τρωάδος
737 903 793 948 τὰ
809 900 1010 958 ’Έκτορος
1045 901 1151 949 ὅστᾶ
1177 928 1232 934 -
1264 905 1338 952 εἷς
1365 901 1456 945 τὸν
1483 904 1598 958 παρ’

156 971 352 1026 αὐτοῖς
388 971 732 1027 καλούμενον
781 968 943 1015 τόπον
983 969 1111 1021 Διὸς
1156 969 1324 1028 γονάς.
1358 971 1400 1026 ⁵)
1457 969 1600 1012 Auxe-

151 1047 244 1081 runt
283 1056 366 1082 rem
404 1041 591 1083 Thebani
629 1037 932 1093 dictitaruntque
961 1037 1148 1080 Hectoris
1187 1038 1488 1080 consecratione
1518 1052 1602 1079 non

154 1108 421 1150 calamitatum
450 1109 774 1162 declinationem,
806 1106 877 1149 sed
915 1106 1072 1160 imperii
1111 1106 1392 1158 sempiternam
1427 1106 1600 1158 opulen-

152 1177 248 1218 tiam
280 1191 327 1219 ac
357 1179 663 1232 prosperitatem
688 1193 731 1220 se
769 1177 988 1220 redemisse
1029 1179 1080 1219 ab
1119 1176 1210 1230 ipso
1247 1175 1339 1218 Iove
1382 1175 1599 1228 interprete

152 1245 339 1297 Apolline
359 1248 543 1299 monitos,
571 1254 614 1288 ut
638 1249 759 1289 rebus
791 1248 874 1288 suis
904 1250 1003 1289 bene
1025 1247 1233 1293 consulere
1258 1259 1307 1286 ne
1336 1239 1600 1298 negligerent.

151 1314 277 1366 Signo
306 1322 391 1356 erat
419 1317 643 1368 oraculum,
676 1318 780 1369 quod
808 1317 955 1369 legitur
981 1318 1086 1369 apud
1115 1316 1361 1356 Pausaniam
1391 1329 1426 1356 c.
1457 1322 1523 1366 18,
1554 1320 1597 1357 4.

151 1394 192 1434 p,
222 1388 289 1424 65.
349 1383 428 1423 Sed
460 1384 645 1435 quoniam
687 1397 874 1425 caussam
910 1398 980 1425 cur
1017 1385 1123 1436 apud
1159 1383 1382 1424 Thebanos
1418 1382 1601 1434 reposita*

149 1449 295 1490 fuerint
327 1464 422 1491 ossa
448 1451 633 1493 Hectoris
671 1454 825 1494 Tzetza
858 1453 1014 1504 attulit,
1058 1466 1141 1493 non
1176 1451 1507 1505 praetereundum
1537 1457 1600 1492 est

150 1530 295 1558 nomen
322 1519 561 1561 Artemidori
599 1519 800 1566 Oneirocr.
832 1520 881 1563 V.
911 1528 998 1574 65.,
1028 1522 1075 1562 de
1103 1534 1179 1574 quo
1210 1519 1408 1561 nonnulla
1436 1518 1600 1560 Deli-ius

149 1585 190 1624 in
219 1585 362 1627 Seuec.
391 1587 534 1638 Agam.
570 1594 688 1639 182„
732 1588 800 1641 qui
828 1589 1051 1637 Thebanos
1081 1594 1202 1642 negat
1232 1588 1399 1627 Troiam
1432 1586 1599 1627 Graecis

152 1655 358 1707 suppetias
394 1656 593 1709 profectos
623 1672 727 1703 esse.
786 1658 1036 1712 Quamquam
1053 1658 1255 1699 Diodorus
1284 1656 1408 1712 (XIX.
1438 1669 1475 1709 p.
1497 1662 1595 1699 696.

150 1722 230 1775 B.),
260 1724 490 1764 Pausanias
523 1726 611 1777 (lX.
646 1733 684 1776 5,
716 1732 756 1767 7.
782 1740 821 1777 p.
852 1733 920 1767 22.
952 1739 1013 1778 sq.
1045 1725 1150 1766 conf.
1183 1731 1223 1776 4,
1251 1731 1289 1767 2.
1320 1731 1426 1776 Ρ.15
1470 1725 1501 1766 Ι.
1526 1731 1595 1767 29.

150 1798 189 1832 4.
222 1804 261 1843 p.
282 1793 394 1845 128.)
426 1797 464 1832 et
482 1791 620 1846 Dictys
646 1793 851 1834 Cretensis
881 1791 936 1848 (Ι.
970 1799 1037 1836 17.
1066 1780 1188 1846 p.³36.
1216 1798 1281 1834 14.
1303 1806 1343 1846 p.
1358 1791 1449 1848 30.)
1480 1791 1596 1833 The-

149 1862 278 1901 banos
310 1862 406 1901 duce
444 1861 705 1902 Thersandro
743 1866 799 1914 (v.
828 1857 1039 1905 Dederieh.
1074 1864 1196 1905 Ohss.
1224 1861 1268 1902 in
1293 1861 1397 1904 Dict.
1426 1875 1468 1914 Ρ.
1496 1868 1594 1904 394.

148 1943 189 1983 p.
216 1929 334 1984 402.)
366 1930 403 1971 ei
433 1931 676 1984 expeditioni
715 1930 943 1973 interfuisse
983 1930 1174 1984 seriptum
1202 1929 1464 1983 reliquerunt.
1523 1929 1598 1972 Vi-

149 1997 314 2050 delicet,
346 2013 510 2052 quorum
543 2000 725 2041 virtutem
753 2000 950 2041 Homerus
981 2000 1141 2041 silentio
1172 1999 1293 2051 texit,
1329 1999 1357 2038 ii
1387 1999 1491 2039 bello
1510 1989 1597 2040 'du-

148 2067 245 2107 dum
267 2069 403 2109 sedato
432 2068 475 2108 in
504 2069 779 2122 amplissimae
808 2069 963 2124 gloriae
995 2069 1224 2110 societatem
1253 2067 1389 2109 nescio
1420 2080 1499 2121 qua
1526 2080 1598 2109 ar-

150 2129 191 2174 te*
223 2134 482 2188 irrepserunt.
551 2136 667 2179 Conf.
707 2137 832 2180 Krus.
870 2137 1034 2183 Hellad,
1076 2136 1166 2178 Vol.
1201 2136 1249 2178 11.
1284 2136 1328 2178 P.
1360 2135 1391 2179 Ι.
1424 2150 1464 2188 p,
1494 2142 1593 2179 621.

147 2204 363 2245 Praeterea
394 2207 441 2246 de
470 2205 559 2247 loco
591 2207 681 2259 agri
717 2207 903 2259 Troiani,
949 2209 1052 2248 unde
1081 2207 1124 2247 in
1152 2205 1363 2247 Graeciam
1393 2218 1491 2246 ossa
1522 2207 1597 2251 de-,

148 2272 266 2311 dut-ta
289 2271 392 2324 sint,
407 2314 409 2317 ,
423 2273 659 2325 scriptorum
677 2287 725 2315 ea
744 2280 805 2315 est
825 2274 1111 2326 controversia,
1142 2280 1184 2313 ut
1201 2273 1397 2328 Ophrynii
1418 2273 1481 2329 (V.
1496 2273 1596 2314 Pot-

150 2344 221 2381 ter.
248 2338 290 2378 iu
318 2340 521 2393 Lycophr.
559 2349 686 2386 1194..
714 2350 751 2385 et
780 2343 965 2385 Mueller.
1000 2342 1086 2385 Vol.
1116 2343 1162 2384 11.
1191 2356 1232 2396 p.
1266 2344 1383 2398 951.)
1411 2343 1497 2384 eius
1526 2349 1592 2383 tu-

147 2407 297 2448 mulum
336 2415 374 2449 et
418 2409 550 2450 lucum
596 2411 723 2455 fuisse
765 2419 947 2454 auctores
987 2413 1068 2454 siut
1104 2413 1400 2464 Aristodemus,
1442 2413 1587 2453 Strabo

149 2476 487 2534 (X111.p.595.),
527 2481 701 2535 Tzetza,
728 2497 864 2525 verum
887 2481 1026 2538 Dictys
1049 2481 1217 2538 (add.-V.
1240 2488 1278 2525 8.
1298 2494 1338 2535 p.
1358 2487 1450 2524 196.
1482 2480 1590 2524 conf.

145 2546 264 2591 Hom.
292 2547 341 2590 ll.
368 2544 517 2591 XXIV.
549 2555 646 2594 797.
674 2553 770 2605 sq.),
804 2552 1006 2605 Malalas,
1045 2552 1139 2604 alii,
1169 2565 1267 2604 quos
1297 2550 1476 2591 nominat
1505 2551 1592 2592 De-

147 2612 332 2656 derichus
366 2615 486 2657 obss.
525 2616 568 2657 in
596 2617 702 2663 Dict.
733 2619 800 2665 lv.
835 2627 875 2664 1.
906 2633 947 2673 Ρ.
978 2625 1097 2672 443.,
1145 2632 1268 2672 prope
1296 2618 1407 2659 urbis
1436 2619 1590 2661 Troiae

144 2689 281 2734 portas
317 2684 383 2725 vel
413 2685 519 2738 apud
544 2694 840 2730 monumentum
873 2688 983 2741 regis
1023 2687 1074 2729 Ili
1103 2700 1192 2728 eum
1225 2686 1426 2727 conditum
1453 2688 1593 2741 perhi-

144 2751 276 2794 beant.
345 2752 415 2793 Ex
453 2752 554 2794 Asia
593 2754 716 2808 igitur
753 2749 906 2799 avectis
945 2755 1108 2797 ossibus
1145 2753 1307 2796 Hectori
1343 2755 1387 2796 in
1422 2755 1590 2798 heroum

142 2831 349 2860 numerum
388 2820 537 2862 adscito
558 2810 564 2818 ⁸
588 2835 641 2863 ex
678 2823 949 2866 Troianorum
985 2836 1118 2875 more,
1168 2835 1285 2876 quem
1327 2823 1589 2865 meminerunt

274 2971 313 3015 5)
340 2972 400 3007 De
417 2972 493 3008 hoc
513 2972 601 3007 loco
624 2969 718 3008 alias
738 2962 992 3020 disputabitur
1006 2969 1213 3019 copiosius.
