1824 3347
858 252 894 304 6

157 364 297 408 Schol.
334 364 490 409 Phoen.
531 369 630 410 159.
660 377 704 419 Ρ.
734 369 806 416 46.
872 363 1028 407 Deinde
1068 376 1191 406 sacra
1230 364 1322 417 via,
1343 376 1441 418 &qua
1476 362 1605 406 Athe·-

158 434 358 480 niensium
388 433 562 489 Pythica
590 434 739 488 legatio
770 440 890 487 atque
918 433 1075 475 Atticae
1096 434 1290 488 Thyades
1319 431 1501 488 Delphos
1530 447 1610 476 va-

158 504 328 556 debant,
386 512 608 547 memorata
645 505 810 557 Ephoro
850 501 984 559 (apud
1028 500 1266 543 Strabonem
1296 503 1370 546 IX.
1419 517 1461 557 Ρ.
1484 502 1608 561 422.)

157 569 361 612 Herodoto
376 569 470 628 (Vl.
483 570 583 627 34.)
608 571 842 612 Pausaniae
874 569 1056 626 (X,4‚2.
1073 583 1113 621 Ρ.
1130 568 1252 625 177.)
1283 571 1454 622 primum
1485 586 1609 625 supe-2

155 643 249 679 rata
278 638 474 680 Eleusine
501 637 680 695 (Meurs,
711 637 855 681 Eleus.
887 651 923 680 e.
953 636 1115 680 XXVII.
1149 651 1190 690 Ρ.
1216 637 1308 694 82.)
1337 637 1381 679 in
1410 639 1488 680 has
1516 639 1610 680 fau-2

158 720 225 749 ces
255 707 502 761 insinuabat,
532 708 627 750 hinc
657 708 709 749 ad
728 708 896 749 Thebas
927 703 1091 762 (Schol.
1114 707 1265 750 Phoen.
1278 712 1347 751 38.
1378 721 1419 760 Ρ.
1441 714 1510 752 15.
1541 722 1611 750 ar-

158 790 267 831 gum.
297 778 445 822 Aesch.
477 779 589 831 Sept.
621 791 659 830 p,
678 778 748 827 XI,
782 779 846 824 ed.
877 776 1034 831 Weig.)
1066 782 1104 818 et
1133 776 1174 817 iu
1205 789 1346 828 agrum
1366 777 1613 820 Haliartium

161 845 362 897 (Pausau.
378 844 462 890 Vll.
480 851 519 897 3,
538 852 577 894 1.
595 845 687 889 Vol.
702 847 772 889 111.
792 858 835 898 Ρ.
856 850 949 889 140.
981 844 1054 887 IX.
1073 850 1140 897 33,
1160 851 1198 887 1.
1228 844 1316 890 Vol.
1333 844 1402 887 IV.
1413 858 1458 897 p.
1479 846 1612 901 121.)‚

160 911 253 952 inde
281 911 512 953 Lebadeam
541 912 670 968 (Gell.
700 912 834 956 Noctt.
864 912 947 956 Att.
978 913 1065 956 XII.
1100 919 1139 964 5,
1173 913 1233 968 1,)
1272 920 1311 955 et
1339 913 1615 955 Chaeroneam

166 993 216 1020 ac
256 980 491 1033 Panopeum
534 982 781 1035 dirigebatur
818 980 1018 1038 (Pausan.
1049 981 1101 1030 X,
1135 988 1202 1034 35,
1236 988 1274 1025 5.
1303 996 1342 1035 Ρ.
1359 988 1456 1027 336.
1512 982 1615 1025 Plu-

163 1048 292 1091 tarch.
324 1048 393 1090 vit.
433 1048 617 1103 Lysand.
658 1049 809 1096 XXIX.
840 1048 930 1093 Vol.
953 1050 1022 1100 111,
1060 1063 1100 1103 Ρ.
1125 1049 1265 1106 171.),
1305 1056 1504 1103 postremo
1543 1064 1616 1104 per
1671 1095 1676 1100 ,

162 1115 379 1159 Daulidem
406 1117 590 1171 Delphos
629 1132 674 1160 se
714 1119 954 1162 demittebat.
986 1119 1067 1163 vid.
1100 1118 1238 1165 Odofr.
1278 1118 1504 1164 Muellerus
1537 1118 1617 1160 Or-

166 1187 294 1230 chom.
320 1194 442 1240 Ρ.36.
471 1188 571 1232 Dor.
586 1190 619 1233 I.
649 1202 690 1242 Ρ.
707 1195 804 1238 241.
860 1188 896 1230 Δ
916 1188 1079 1233 Theseo
1110 1188 1186 1231 hoc
1225 1189 1300 1229 iter
1329 1189 1618 1242 praedicabant

163 1255 433 1297 Athenienses
466 1257 663 1298 munitum
692 1263 731 1297 et
761 1262 887 1300 tutum
915 1257 1109 1298 redditum
1126 1254 1504 1310 (Schol.Aristid.p.
1522 1262 1618 1299 107.

164 1323 366 1380 Fromm.)
397 1338 424 1369 a
451 1325 689 1378 latronibus,
721 1325 866 1379 quibus
885 1325 1129 1367 Eleutherae
1161 1332 1199 1367 et
1229 1325 1322 1367 loca
1338 1326 1620 1368 Cithaeronem

168 1392 397 1433 adiacentia
409 1392 559 1434 infesta
578 1398 694 1434 erant
713 1400 751 1434 et
770 1394 1001 1446 periculosa
1019 1393 1099 1433 iam
1119 1394 1214 1434 olim
1234 1397 1285 1436 ab
1308 1395 1472 1435 heroum
1491 1408 1620 1446 usque

170 1466 316 1506 aetate.
362 1461 477 1513 Quae
495 1462 575 1503 huc
593 1460 769 1514 faciunt,
790 1462 935 1504 lubens
957 1468 1179 1514 praetereo,
1198 1468 1242 1504 ut
1262 1475 1365 1515 quae
1382 1462 1621 1504 sollertissir

169 1543 233 1571 me
251 1536 498 1582 pertractata
516 1531 600 1572 sint
620 1534 671 1573 ab
682 1530 987 1572 Hemsterhusio
1005 1531 1047 1571 iu
1056 1531 1225 1573 Lucian.
1245 1531 1277 1574 l.
1292 1546 1326 1573 c.
1355 1545 1396 1583 Ρ.
1416 1538 1620 1580 535,536,

169 1595 247 1637 His
270 1595 332 1637 ita
351 1597 548 1650 expositis
570 1597 760 1639 concinne
782 1605 954 1650 possunt
969 1597 1286 1650 geographorum
1304 1598 1480 1639 rationes
1498 1598 1622 1639 casti-

170 1662 261 1716 gari
281 1664 549 1718 ordinarique.
608 1664 728 1708 Vana
755 1666 880 1718 igitur
909 1672 1029 1718 atque
1057 1665 1191 1706 inanis
1223 1671 1284 1707 est
1314 1666 1445 1718 opinio
1465 1667 1623 1708 Barbiei

172 1734 340 1787 Bocagii
366 1733 429 1790 (in
447 1734 660 1789 Stanhopii
678 1736 931 1790 topography
958 1734 1212 1787 illustrating
1242 1735 1309 1775 the
1329 1735 1453 1777 battle
1469 1736 1515 1777 of
1524 1736 1624 1777 Pla-

172 1809 239 1844 tea
268 1817 310 1857 Ρ.
335 1805 478 1862 130.),
510 1807 612 1847 duas
642 1806 825 1848 extitisse
854 1805 1021 1858 fauces,
1051 1805 1226 1857 alteras,
1257 1818 1330 1858 per
1361 1819 1464 1859 quas
1493 1806 1625 1849 Grae·-

173 1872 212 1913 ci
241 1886 331 1913 cum
359 1873 573 1914 Mardonio
614 1874 851 1916 debellaturi
880 1874 1153 1925 adventarint,
1199 1874 1351 1915 alteras
1382 1888 1479 1926 eas,
1520 1888 1625 1928 quas

172 1946 366 1983 vocarent
397 1940 579 1990 Quercus
612 1940 770 1993 Capita.
831 1940 957 1990 Cuius
997 1954 1169 1981 errorem
1201 1953 1322 1993 quum
1349 1942 1491 1982 merito
1524 1954 1626 1982 ex-a-

173 2008 391 2061 gitavisset
421 2008 561 2053 Odofr.
596 2008 823 2050 Muellerus
856 2008 1043 2052 Orehom.
1073 2022 1116 2061 Ρ.
1133 2013 1256 2060 489.,
1286 2008 1463 2050 Krusius
1494 2014 1628 2050 tamen

172 2078 339 2123 Hellad.
383 2077 467 2122 VoL
491 2080 544 2122 11.
574 2078 620 2122 P.
647 2080 681 2124 Ι.
721 2092 762 2132 Ρ.
792 2086 860 2123 1ο.
911 2078 954 2119 in
991 2079 1160 2119 eandem
1198 2077 1380 2119 fraudem
1416 2092 1459 2120 se
1498 2079 1629 2132 abripi

172 2161 323 2201 passus
364 2154 437 2192 est,
494 2147 641 2190 Verum
680 2154 719 2189 et
757 2148 845 2201 ipse
883 2147 1110 2189 Muellerus
1149 2146 1192 2187 in
1230 2145 1419 2190 orcham.
1459 2161 1502 2200 Ρ.
1528 2153 1627 2195 488.

175 2220 274 2266 489.
307 2221 347 2257 et
385 2216 524 2261 Doctr.
554 2216 725 2272 Encycl.
757 2216 811 2260 Τ.
836 2215 906 2260 VI.
944 2229 985 2269 Ρ.
1011 2220 1109 2260 215.
1137 2221 1235 2258 216.
1275 2214 1336 2259 Τ.
1359 2215 1430 2259 XI.
1462 2230 1502 2269 Ρ.
1529 2222 1629 2261 255.

103 2328 105 2330 μ
176 2296 267 2325 cum
295 2283 486 2336 aliorum,
524 2298 627 2337 quae
668 2297 795 2337 supra
833 2284 1094 2338 protulimus,
1133 2289 1217 2325 tum
1245 2283 1460 2326 Strabonis
1488 2283 1630 2326 imme-

173 2365 262 2392 mor
291 2350 424 2392 minus
452 2357 559 2393 reete
590 2352 750 2404 statuit,
781 2351 890 2393 viam
918 2351 1139 2404 principem
1169 2363 1305 2392 orsam
1334 2351 1447 2392 issam
1476 2364 1504 2392 a
1531 2365 1630 2404 por-

175 2419 227 2461 tis
246 2418 416 2473 Ogygiis
449 2418 661 2475 (Orchom.
691 2433 732 2472 p.
750 2418 871 2478 486.)
903 2419 1059 2463 Thebis
1089 2418 1333 2462 Eleutheras
1364 2425 1483 2473 atque
1502 2418 1630 2461 Athe-

177 2501 254 2529 nas
304 2487 472 2530 duxisse
520 2502 594 2542 per
640 2488 793 2542 Hysias
843 2494 882 2529 et
918 2489 1137 2543 Erythras,
1177 2489 1375 2536 Sehoenio
1415 2494 1551 2530 tamen
1586 2487 1631 2528 in

177 2555 347 2608 Ephem.
389 2557 530 2602 Schol.
570 2569 638 2602 an.
675 2556 1002 2607 MDCCCXXX.
1043 2563 1140 2602 sect.
1174 2558 1224 2600 Π.
1255 2571 1319 2603 nr.
1350 2564 1423 2602 20.
1464 2569 1504 2608 Ρ.
1533 2560 1631 2600 155.

179 2621 221 2664 id
251 2636 489 2675 persuasum
518 2630 604 2677 est,
646 2624 714 2678 qui
754 2624 912 2677 quidem
938 2637 1114 2667 errorem
1143 2637 1170 2667 a
1197 2624 1395 2666 Muellero
1426 2622 1632 2675 acceptum

180 2705 229 2732 eo
250 2692 522 2746 amplificavit,
555 2695 660 2746 quod
690 2693 851 2738 Thebis
881 2694 1125 2736 Eleutheras
1155 2695 1474 2747 proficiscentem
1501 2705 1631 2746 nega-

178 2760 237 2803 vit
266 2760 431 2802 Potnias
462 2749 707 2816 contingere,
773 2763 936 2804 Etenim
965 2762 1066 2804 illud
1095 2763 1176 2804 iam
1205 2762 1369 2805 evidens
1399 2765 1486 2813 est,
1515 2761 1631 2804 The-

179 2827 246 2869 bis
276 2827 471 2872 Plataeas
501 2830 608 2873 viam
638 2844 731 2873 esse
761 2844 834 2884 per
863 2830 1031 2873 Potnias
1061 2843 1228 2883 eamque
1257 2842 1340 2871 non
1367 2828 1425 2870 ita
1452 2829 1573 2884 longo
1605 2842 1633 2871 a

176 2894 358 2944 Plataeis
393 2895 604 2940 intervallo
634 2898 693 2941 ita
721 2897 896 2951 diffindi,
936 2903 981 2943 ut
1021 2897 1280 2942 sinistrorsus
1307 2895 1384 2939 iter
1412 2902 1550 2951 pateat
1578 2897 1633 2944 ad
