1824 3347
897 267 966 318 32
1569 338 1583 362 x

207 390 343 433 gorem
373 376 647 430 impetrasset.
695 377 784 422 Vid.
815 378 1077 421 Staverenins
1105 379 1148 419 in
1175 375 1298 422 Mise.
1330 381 1455 426 (mss.
1483 380 1576 425 Vol.
1604 380 1658 423 X.

206 448 257 490 T.
282 446 354 488 111.
389 459 431 499 Ρ.
458 453 556 491 384.
588 462 650 502 sq.
680 454 718 490 et
747 447 978 489 Boeokhius
1004 446 1132 500 Expl.
1162 446 1280 490 Pind.
1308 460 1349 500 p.
1379 455 1477 493 325.
1534 448 1659 492 Faci-

202 516 242 556 le
270 513 532 568 intelligitur,
579 517 645 570 qui
673 515 901 557 Pausanias
942 519 981 556 et
1016 514 1219 556 Pindarus
1261 515 1469 558 conciliari
1499 522 1658 571 queant,

205 583 364 634 quaudo
406 581 545 624 Iolaus
567 585 648 625 -bis
678 582 920 623 mortalitate
962 581 1205 635 interceptus
1246 582 1420 623 diversis
1456 584 1557 625 loeis
1590 597 1659 625 se-

202 650 342 703 pultus
374 664 466 692 esse
507 652 609 693 tradi
641 656 819 705 poterat3
865 656 968 692 certe
1006 651 1286 704 impedimento
1324 657 1386 692 est
1414 651 1659 705 Pausanias,

201 720 415 774 quominus
443 734 468 762 a
485 721 660 763 Pindaro
692 733 782 762 eam
810 721 1095 774 narrationem,
1127 734 1245 774 qnam
1276 722 1448 762 secundo
1476 721 1565 763 loco
1583 735 1661 775 po-

200 790 378 842 suimus,
409 791 582 843 spectari
608 795 830 831 statuamus
860 804 949 832 cum
971 789 1326 832 Odofr.·Mueller0
1347 790 1444 834 Dor.
1471 791 1501 834 l.
1523 804 1563 843 Ρ.
1590 797 1659 834 55.

201 859 306 899 Huic
335 865 587 900 monumento
619 859 852 911 sepulerum
892 859 960 900 avi
989 858 1311 913 Amphitryonis,
1358 872 1473 912 quem
1502 858 1659 899 Thebis

204 929 352 969 elatum
382 941 473 968 esse
517 934 766 970 contestatur
792 928 1023 970 Pausanias
1053 931 1086 972 Ι.
1117 934 1187 980 41,
1215 935 1252 973 1.
1282 942 1321 981 Ρ.
1353 935 1471 976 178.,
1507 937 1658 968 memo-

197 988 329 1035 rat'um
348 995 524 1036 Pindaro
556 995 692 1050 (Pyth.
711 995 780 1037 IX.
805 1002 873 1039 81.
895 1002 933 1037 et
950 996 1065 1040 Nem.
1083 995 1152 1037 IV.
1176 994 1267 1051 20.)
1300 1001 1388 1036 erat
1415 994 1656 1040 adiunctum.

199 1078 238 1107 v.
260 1065 386 1105 Duris
408 1065 436 1107 l.
471 1067 508 1106 d.
537 1066 676 1109 Schol.
708 1066 826 1108 Pind.
855 1079 896 1118 Ρ.
922 1071 1019 1109 397.
1051 1063 1210 1119 (κοινὸν
1229 1065 1362 1122 σῆμα)
1392 1078 1432 1117 Ρ.
1455 1070 1553 1108 663.
1612 1064 1658 1105 Si

198 1132 298 1174 fides
319 1139 381 1173 est
402 1133 659 1175 Scholiastae
680 1133 722 1174 in
743 1146 781 1178 v,
806 1138 900 1177 145.
920 1146 960 1186 Ρ.
982 1138 1093 1184 633.,
1124 1132 1232 1173 haud
1252 1132 1392 1185 procul
1413 1132 1508 1173 hine
1527 1131 1571 1172 in
1591 1130 1659 1173 via

197 1203 262 1254 (ἐν
289 1203 338 1264 τῇ
365 1200 580 1259 ἇμαξιτῴ),
608 1211 652 1242 nt
678 1203 718 1242 in
741 1207 974 1256 perpetuum
1004 1202 1249 1254 calcaretur,
1280 1202 1550 1257 Eurystheum
1578 1202 1659 1243 hu-

190 1278 424 1322 maverant,
454 1271 569 1311 euius
589 1278 887 1312 monumentum
907 1274 1013 1325 apud
1041 1278 1193 1325 petram
1213 1271 1453 1313 Moluridem
1485 1277 1658 1313 erectum

196 1340 324 1380 fuisse
348 1340 530 1392 prodidit
558 1340 786 1382 Pausanias
821 1340 854 1383 1.
886 1345 955 1392 44,
988 1348 1052 1384 14.
1089 1355 1128 1394 p.
1163 1348 1257 1386 199.
1313 1329 1414 1384 Add.
1445 1341 1574 1395 Heyn.
1605 1342 1657 1382 ad

194 1406 381 1460 Apollod.
412 1407 464 1450 Π.
498 1413 538 1459 8,
572 1415 610 1451 1.
632 1422 673 1461 Ρ.
709 1413 808 1452 499.
857 1408 1159 1464 Amphitryonis
1192 1423 1286 1450 vero
1327 1408 1519 1449 tumulum
1556 1422 1657 1449 eun-

196 1475 287 1515 dem
313 1480 433 1527 atque
462 1474 679 1516 Alcmenae
707 1474 858 1527 fuisse,
902 1489 1021 1528 quam
1048 1489 1100 1516 ex
1129 1488 1234 1515 vano
1267 1475 1529 1516 affirmaverit
1557 1475 1656 1516 Dis-

196 1543 361 1594 senius,
402 1557 428 1584 a
467 1544 587 1585 nobis
626 1550 751 1598 supra
792 1544 939 1585 dietum
969 1550 1043 1588 est.
1103 1544 1150 1584 In
1186 1544 1262 1585 hoe
1293 1544 1416 1596 igitur
1443 1544 1654 1598 gymnasio

194 1611 343 1653 circum
370 1611 681 1667 Amphitryonis
723 1613 808 1655 sive
838 1613 941 1655 Iolai
970 1613 1197 1666 sepulerum
1233 1614 1414 1661 (Pindar.
1442 1614 1557 1656 Nem.
1587 1613 1655 1658 IV.

193 1687 263 1723 20.
297 1680 456 1736 Olymp.
495 1681 668 1725 IX.'98.
698 1680 822 1722 Duris
858 1682 886 1723 l.
921 1683 959 1724 d.
1008 1682 1146 1725 Schol.
1189 1681 1344 1736 Olymp.
1366 1681 1453 1734 *eit.
1483 1695 1522 1724 v,
1556 1688 1653 1726 148.

193 1758 233 1792 et
264 1757 359 1793 143.
404 1765 445 1803 Ρ.
480 1759 578 1795 397.
621 1767 662 1805 Ρ.
697 1752 822 1808 396.)
850 1752 933 1793 ludi
973 1751 1107 1792 Iolaia
1145 1752 1231 1792 sive
1262 1750 1462 1791 Heraclea
1493 1752 1652 1801 (Schol.

196 1818 354 1871 OlymP.
386 1819 500 1862 xm.
535 1825 629 1862 148.
674 1833 717 1872 Ρ.
754 1819 876 1874 467.)
907 1821 1143 1872 agebantur.
1202 1818 1383 1871 Denique
1414 1819 1654 1859 subvenien-

196 1888 289 1927 dum
326 1893 389 1927 est
428 1887 623 1928 Arrhiani
650 1888 764 1939 Exp.
796 1887 915 1931 Alex.
944 1886 975 1929 Ι.
1008 1893 1049 1929 7.
1087 1886 1391 1938 interpretibus,
1423 1898 1523 1937 quos
1549 1886 1653 1926 iuter

196 1971 242 1999 se
274 1959 582 2008 contendentes,
628 1962 762 1997 utrum
791 1956 924 1996 lucum
955 1955 1172 1996 an'fanum
1195 1955 1304 2001 ,Iolai
1332 1954 1557 1995 Arrhianus
1586 1957 1653 1998 τέ-

191 2043 314 2080 μενος
338 2023 507 2068 Ἰολάου
543 2025 709 2075 dixerit,
748 2038 831 2063 non
862 2023 1017 2063 diremit
1047 2023 1300 2061 Burmannus
1331 2020 1463 2062 Catal.
1499 2020 1650 2073 Argon.

192 2108 235 2147 p.
269 2093 430 2137 CXXV.
461 2094 578 2137 Harl.
611 2094 749 2134 Lucus
787 2093 943 2145 quidem
982 2088 1073 2146 (sed
1102 2091 1210 2131 notio
1244 2089 1323 2130 luci
1355 2103 1451 2129 voce
1486 2091 1651 2143 τέμενος

193 2178 276 2204 non
318 2163 614 2216 circumscripte
666 2161 910 2218 continetur)
959 2174 1079 2214 quum
1127 2173 1167 2201 a*
1200 2157 1356 2200 nemine
1404 2162 1649 2199 contestatus

193 2232 439 2285 reperiatur,
472 2232 654 2286 equidem
672 2220 894 2273 iudicamus
913 2229 1136 2271 rectissime
1156 2242 1181 2270 a
1200 2227 1479 2269 Freinshemio
1499 2226 1540 2267 iu
1562 2226 1648 2271 Iud.

196 2300 310 2341 Curt.
343 2299 573 2340 Pausaniae
612 2300 751 2356 ἡρῷον
776 2299 863 2340 huc*
890 2300 1147 2345 advocatum3
1190 2299 1353 2350 τέμενος
1381 2296 1507 2347 enim,
1547 2308 1648 2348 quae

193 2382 290 2410 area
321 2374 381 2409 est
420 2368 566 2420 templo
599 2376 668 2410 aut
702 2377 797 2409 arae
832 2366 1007 2420 undique
1034 2366 1275 2407 circumdata
1315 2364 1371 2417 (v,
1399 2362 1649 2416 wesseling,

191 2436 235 2477 in
264 2436 415 2480 Herod.
436 2435 635 2478 111.>142.
666 2449 707 2488 Ρ.
727 2434 870 2489 411.),
914 2421 1041 2487 (Ῑῐιιιιιί
1063 2433 1257 2474 indicaret
1286 2440 1442 2472 omnem
1470 2431 1649 2472 locorum

194 2505 448 2547 sanctitatem
478 2504 545 2546 vel
569 2508 911 2545 monumentorum
941 2503 1098 2553 decora,
1129 2501 1170 2542 in
1201 2500 1345 2553 quihus
1372 2498 1548 2540 numinis
1578 2510 1649 2537 ar-

191 2571 353 2614 bitrium
387 2572 545 2615 versari
583 2573 809 2614 crederetur
852 2569 950 2623 (vid.
985 2569 1269 2624 Bernhardyus
1297 2568 1340 2609 in
1368 2567 1538 2620 Dionys,
1568 2564 1648 2605 Pe-

192 2642 294 2694 rieg.
324 2649 389 2686 13.
427 2657 468 2696 Ρ.
496 2649 594 2686 528.
635 2641 739 2685 conf.
770 2640 954 2683 Perizon.
1003 2640 1047 2679 in
1089 2639 1249 2682 Aelian.
1287 2638 1384 2680 Var.
1423 2635 1548 2678 Histt.
1576 2633 1646 2678 Vl.

194 2716 234 2752 1.
267 2709 322 2753 Τ.
343 2710 375 2753 Ι.
405 2724 445 2763 Ρ.
470 2717 570 2753 336.
609 2709 791 2763 Lennep.
822 2708 864 2749 in
897 2707 1064 2751 Phalar.
1095 2708 1229 2761 Epist.
1258 2721 1299 2761 p.
1323 2704 1437 2759 78.),
1476 2704 1647 2757 aptissi-

186 2791 253 2820 me
282 2781 334 2820 ab
362 2779 563 2821 Arrhiano
601 2785 839 2832 usurpatum
868 2785 929 2820 est
970 2779 1017 2818 de
1055 2777 1150 2818 fane
1183 2777 1285 2818 Iolai
1316 2774 1540 2828 spatiisque
1570 2787 1648 2829 gy-

186 2846 361 2899 mnasii,
393 2847 536 2900 stadii,
561 2846 815 2901 hippodromi
846 2845 1124 2888 circumiectis.
1153 2844 1262 2888 conf.
1292 2843 1468 2884 Pansan.
1497 2841 1550 2886 Π.
1579 2847 1645 2894 18,

190 2924 230 2959 1.
261 2930 304 2969 p.
323 2922 423 2959 275.
454 2922 538 2968 32,
576 2922 615 2960 1.
644 2928 685 2968 p.
704 2920 801 2957 347.
832 2921 870 2955 et
895 2913 970 2957 111.
1002 2919 1069 2964 12,
1101 2919 1141 2957 7.
1171 2926 1214 2965 p.
1236 2917 1305 2955 62.
1330 2908 1495 2952 V01.11.
1559 2908 1646 2949 Lo-
