1824 3347
962 234 1032 286 26

267 355 406 392 narrat
442 351 549 403 apud
586 350 769 400 Eteoclis
806 356 1100 393 monumentum
1129 354 1377 395 combustum
1415 350 1713 406 sepultumque:

271 417 356 463 Τὸν
382 420 639 477 Πολυνείκην
675 419 723 464 δὲ
752 420 779 480 ἦ
802 417 1010 476 Ἀντιγόνη
1039 422 1182 476 μέγαν.
1199 420 1268 466 καὶ
1295 420 1384 465 κατ’
1411 423 1582 471 ἐκείνους
1612 417 1712 464 ὄντα

266 491 338 533 καὶ
372 487 572 552 ἀνῄρηται
602 488 677 535 τὸν
706 489 846 546 νεκρὸν
874 490 946 533 καὶ
972 486 1107 546 θάψει
1139 489 1245 545 πρὸς
1285 492 1343 546 τῷ
1379 491 1453 533 τοῦ
1476 488 1713 543 ’,Ετεόκλους

265 557 432 616 σήματι.
502 558 735 601 Scholiasta
762 573 856 600 vero
886 558 1054 600 Pindari
1085 558 1246 614 Olymp.
1266 559 1334 603 Vl.
1366 565 1436 602 22.
1457 564 1509 612 P.
1532 565 1630 602 287.
1662 560 1710 600 de

266 639 313 668 eo
341 626 441 666 adeo
471 626 575 668 haec
604 626 815 668 memoriae
857 626 1054 679 prodidit:
1098 626 1352 685 Πολυνείκης
1380 625 1426 671 δὲ
1452 624 1555 681 μετὰ
1581 623 1711 671 ’Ereti-

264 695 387 745 κλους
414 696 528 745 ἐντὸς
557 700 738 753 Θηβῶν
766 694 896 752 ἤχθη.
960 695 1073 745 Quae
1091 699 1215 738 verba
1232 698 1409 749 graviter
1431 701 1618 746 corrupta
1634 709 1709 735 ne-

265 763 352 806 scio
374 766 567 817 quomodo
587 763 686 805 viris
705 763 830 805 doctis
852 763 1099 817 obstiterint,
1131 765 1343 818 quominus
1361 771 1508 807 certam
1527 762 1710 815 pervide-

263 842 354 876 rent
373 834 686 875 emendationem
705 834 832 874 hanc:
863 834 1115 890 Πολυνείκης
1144 834 1190 879 δὲ
1207 832 1310 890 μετὰ
1338 832 1571 881 Ἐτεόκλους
1599 828 1710 882 ἐντὸς

262 905 442 960 θηκῶν
480 901 610 959 ἤχθη.
679 902 898 956 Interprete
926 910 1018 963 utor
1052 903 1258 946 Salmasio
1297 904 1341 944 in
1373 902 1481 944 Plin.
1509 898 1708 942 Exercitt.

264 985 305 1024 p.
325 971 504 1014 849.E.:
551 968 665 1029 Θήκη
694 986 784 1013 non
816 973 953 1014 solum
983 974 1157 1029 arcula,
1199 977 1251 1015 in
1279 987 1368 1027 qua
1397 969 1571 1012 iacebat
1603 982 1707 1010 con-

262 1041 406 1082 ditum
441 1040 653 1092 cadaver,
699 1041 774 1081 sed
808 1044 944 1082 etiam
981 1049 1299 1082 monumentum
1320 1044 1476 1095 ,ipsum
1511 1038 1710 1093 plurium

262 1123 473 1151 arcarum
500 1123 654 1161 capax
665 1124 684 1161 ,⁰
711 1109 814 1150 hinc
842 1119 1117 1151 monumenta
1146 1109 1374 1166 hypogaea
1398 1118 1441 1149 et
1465 1106 1708 1164 fornicata,

263 1180 315 1218 in
345 1176 498 1231 quibus
522 1179 672 1231 plures
699 1178 850 1219 lectuli
881 1179 1051 1233 lapidei
1075 1180 1144 1220 vel
1170 1180 1282 1220 solia
1311 1179 1496 1233 repositi
1520 1174 1706 1216 conden-

260 1246 330 1288 dis
367 1245 630 1300 corporibus.
699 1246 825 1288 Cuius
873 1248 969 1303 dicti
1015 1247 1131 1289 fidem
1169 1247 1339 1289 firmavit
1379 1243 1627 1287 D'Orvillius
1664 1242 1710 1283 in

265 1314 420 1358 Charit.
452 1329 492 1368 p.
516 1321 613 1358 245.
646 1315 871 1357 testimonio
901 1317 1085 1358 Platonis
1116 1317 1163 1358 de
1193 1316 1321 1370 Legg.
1351 1315 1442 1359 XlI.
1473 1321 1535 1367 3.,
1566 1311 1708 1354 Astius

262 1400 305 1440 p.
337 1392 431 1428 552.
462 1386 676 1427 Strabonis
707 1387 829 1428 hocce
863 1387 930 1439 (V.
962 1402 1004 1441 p.
1038 1388 1190 1441 236.):
1231 1385 1336 1431 ‘Tuo
1371 1385 1416 1429 δὲ
1446 1369 1710 1441 χώματῖθῆ-

261 1457 333 1497 καί
353 1456 455 1496 εἶσιν
488 1452 616 1496 αὐτοῦ
645 1456 714 1497 καὶ
741 1457 824 1497 τῶν
856 1460 1053 1511 συγγενῶν
1084 1456 1152 1499 καὶ
1175 1457 1340 1496 οἰκείων.
1388 1452 1491 1494 Add.
1523 1450 1708 1491 Creuzer.

262 1521 416 1566 comm.
437 1521 586 1563 Herod.
619 1535 659 1574 p.
672 1528 741 1566 67.
773 1523 877 1566 conf.
911 1524 1049 1566 Schol.
1073 1525 1172 1565 Eur.
1194 1523 1347 1565 Phoen.
1370 1528 1467 1565 931.
1500 1518 1705 1572 p.202..⁴)

261 1590 376 1642 Quae
414 1603 510 1630 vero
554 1591 744 1643 sepulcra
774 1605 800 1633 a
831 1592 1066 1634 Scholiasta
1104 1592 1272 1635 Pindari
1302 1594 1589 1639 monstrentur,
1620 1586 1708 1639 sig-

257 1657 491 1703 nificabitur
528 1657 658 1709 infra,
706 1659 776 1699 ubi
819 1661 862 1699 in
907 1667 1250 1701 monumentorum
1298 1660 1403 1710 apud
1444 1662 1584 1709 portas
1622 1652 1708 1693 Ne-

257 1733 362 1769 istas
401 1726 707 1780 conspicuorum
745 1729 1056 1782 descriptionem
1095 1730 1170 1770 erit
1207 1729 1374 1769 deducta
1411 1726 1553 1767 oratio.
1628 1722 1710 1763 Sed

258 1808 311 1836 ne
343 1796 448 1847 quod
486 1802 738 1848 comparetur
778 1797 941 1850 longius
983 1810 1212 1848 arcessam,
1254 1794 1414 1837 Semela
1457 1794 1501 1838 in
1531 1792 1709 1834 Cadmea.

261 1864 420 1917 quidem
459 1878 505 1905 eo
542 1865 652 1916 loco,
696 1879 812 1917 quem
851 1867 1144 1910 αἱ),1ωιιιίιιιιηι
1185 1879 1352 1907 accessu
1371 1863 1557 1905 Cadmus
1596 1867 1709 1913 septo

258 1931 428 1973 munivit
465 1929 676 1987 (Pausan.
707 1933 777 1975 IX.
822 1940 895 1985 12,
928 1939 969 1976 3.
1010 1947 1053 1987 p.
1096 1940 1165 1976 43.
1224 1932 1367 1985 Eurip.
1402 1930 1552 1971 Bacch.
1594 1925 1708 1985 10.,),

260 2001 521 2055 deflagravit,
561 2015 699 2044 verum
737 2002 847 2045 infra
885 2003 1103 2045 Cadmeam
1138 2004 1304 2045 humata
1347 2007 1408 2042 est
1445 1999 1646 2054 (Pausan.
1671 2009 1705 2038 c.

397 2163 435 2206 4)
464 2162 564 2206 Θήκη
585 2169 624 2199 et
641 2158 744 2208 Θήβη
764 2174 877 2212 quam
902 2174 1017 2209 saepe
1040 2162 1087 2198 de
1104 2164 1191 2197 loco
1218 2158 1513 2196 controversiam
1531 2156 1705 2200 habeant,

259 2219 402 2256 docent
417 2218 662 2256 casaubonus
678 2218 911 2255 Animadvv.
931 2218 970 2254 in
985 2219 1124 2255 Athen.
1145 2219 1212 2254 IV.
1229 2220 1263 2253 2.
1286 2229 1324 2264 p.
1339 2217 1482 2260 245‚46.
1507 2211 1707 2260 Schweig-

259 2276 466 2313 haeuserus
489 2277 566 2311 lex.
583 2276 728 2313 Herod.
749 2288 787 2314 v.
808 2274 909 2326 θήκῃ
937 2289 968 2314 s.
985 2277 1030 2313 ad
1052 2279 1099 2312 11.
1117 2277 1164 2314 86
1180 2289 1219 2323 p.
1232 2278 1312 2313 251.
1341 2274 1457 2311 Gaisf.
1480 2279 1517 2309 et
1533 2270 1706 2323 diffusius

262 2334 473 2371 ereuzerus
491 2333 518 2367 1.
539 2344 569 2370 c.
589 2335 691 2381 p.68.
711 2335 768 2371 69.
782 2340 863 2370 not.
877 2338 933 2372 51.
950 2346 987 2382 p.
1002 2336 1059 2371 75.
1090 2334 1203 2370 Velut
1225 2332 1430 2379 scripturae
1454 2329 1494 2365 in
1516 2326 1705 2378 Plutarchi

258 2391 357 2429 libro
375 2389 423 2426 de
440 2390 487 2426 Is.
508 2398 547 2426 et
563 2389 756 2430 Osir.XX.
775 2393 865 2429 Vol.
878 2393 947 2431 lx.
970 2394 1098 2441 p.128.
1116 2391 1308 2440 vulgataez
1330 2384 1509 2423 τῶν“ναῶν
1527 2378 1705 2425 διαθέσεις

259 2469 306 2477 -—
326 2447 449 2483 σκότια
467 2445 556 2480 κατὰ
579 2448 643 2492 γῆς
660 2443 809 2489 ἐχόντων
840 2449 1065 2495 στολιστήρια
1086 2451 1146 2491 θη
1158 2449 1308 2493 βαίοις
1334 2445 1472 2480 ἐοικότα
1496 2446 1554 2479 καὶ
1574 2448 1705 2488 annoto·

260 2505 326 2555 qui
342 2503 598 2553 patrocinium
622 2504 789 2550 suscepit
815 2505 1068 2542 Schneider-us
1092 2505 1133 2540 in
1153 2506 1315 2540 Varron.
1339 2504 1388 2539 de
1403 2506 1456 2539 Re
1471 2506 1573 2539 Rust.
1590 2504 1652 2537 111.
1670 2503 1705 2536 1·

259 2566 296 2601 6.
319 2565 464 2610 p.492.,
488 2562 521 2599 is
546 2569 678 2610 aperte
701 2562 817 2599 falsus
841 2570 910 2600 est.
964 2566 1061 2600 Nam
1088 2569 1125 2599 et
1154 2568 1372 2610 antegressa
1397 2560 1516 2598 verba
1539 2555 1705 2606 etquod

260 2619 438 2670 proxime
462 2619 705 2669 subsequitur
727 2618 834 2663 σηκὸς
860 2620 977 2665 (conf.
993 2620 1261 2667 Wyttenbach.
1281 2619 1322 2655 in
1338 2617 1525 2655 Plutarch.
1543 2615 1591 2650 de
1609 2613 1708 2651 Aud.

261 2681 370 2714 Poet.
385 2678 540 2722 p.234.),
565 2676 766 2725 perspicue
782 2677 1017 2714 convincunt
1031 2679 1158 2713 locum
1175 2676 1306 2713 deberi
1320 2676 1407 2713 voci
1433 2673 1495 2716 θή
1507 2683 1613 2714 καις,
1636 2682 1705 2717 pro

263 2745 339 2785 qua
362 2731 429 2767 ubi
449 2735 567 2769 semel
585 2740 782 2770 exaratum
806 2740 886 2770 erat
902 2733 1056 2779 θήβαις,
1087 2735 1205 2769 altera
1221 2732 1401 2770 vocabuli
1417 2731 1550 2775 θήβαις
1565 2728 1606 2764 in
1625 2730 1706 2770 θη·-

262 2791 379 2837 &alote
394 2789 630 2824 transmutati
644 2791 754 2837 culpa
771 2791 872 2827 ultro
887 2790 1081 2827 successit.
1097 2789 1199 2826 conf.
1216 2789 1392 2826 Siebelis.
1404 2788 1447 2824 in
1464 2791 1625 2824 Pausan.
1636 2788 1706 2821 lx.

264 2854 298 2886 1.
315 2851 349 2885 5.
366 2847 448 2893 p.3.
473 2844 654 2882 Maasvic.
676 2845 718 2882 in
730 2847 911 2893 Polyaen.
922 2848 990 2883 111.
1006 2848 1040 2883 7.
1057 2849 1090 2884 2.
1115 2858 1151 2894 p.
1165 2848 1243 2884 229.
1265 2845 1472 2883 ‘Memento
1486 2844 1527 2881 in
1542 2844 1708 2894 Euphor.

265 2924 305 2960 p.
325 2904 407 2941 155.
