1824 3347
909 274 940 324 5

201 386 327 430 theris
367 397 393 426 a
421 384 604 428 Chabria
643 385 848 439 occupatis
880 385 1155 428 Cleombrotus
1197 390 1249 429 ad
1279 388 1463 442 Quercus
1494 376 1645 443 Capita

195 460 235 496 et
262 453 453 496 Plataeas
484 455 695 508 procedere
721 454 887 497 >omnino
917 455 1138 509 nequiverit
1166 457 1270 501 conf.
1301 451 1334 501 c.
1360 465 1399 512 4,
1433 465 1501 503 59.
1525 458 1528 460 ’
1558 458 1642 501 Ρο-

196 527 299 563 terat
329 527 463 563 autem
488 522 631 570 relicta
660 535 709 564 ea
738 523 827 575 via,
859 535 962 575 quae
993 522 1147 578 Thebis
1177 529 1287 565 recta
1314 524 1505 567 Plataeas
1534 530 1637 577 erat,

193 602 267 643 per
295 589 497 645 Erythras
536 595 575 631 et
603 589 755 645 Hysias
793 589 835 631 in
874 591 1011 632 urbem
1041 590 1286 633 Eleutheras
1320 598 1439 646 atque
1467 593 1643 635 Atticam

194 658 267 710 iri,
308 661 411 714 quod
452 659 734 701 deverticulum
769 667 813 701 nt
842 665 1120 712 capesseretur
1148 661 1246 703 belli
1275 667 1508 714 tempestate
1537 676 1641 703 non-

192 716 399 785 nunqffam
441 742 519 770 usu
558 727 680 772 venit.
759 727 879 771 Velut
916 728 1179 770 Plataeenses
1219 730 1326 782 apud
1366 729 1641 784 Thucydidem

194 809 264 849 eo,
306 810 382 850 quo
414 797 612 850 diximus,
650 797 737 839 looo
776 797 820 838 in
857 797 947 850 via,
990 810 1093 851 quae
1125 799 1292 840 Thebas
1332 800 1523 851 ducebat,
1564 812 1639 840 sex

195 873 395 920 septemve
436 867 570 909 stadia
610 866 816 920 progressi
853 867 964 909 illinc
1001 867 1238 910 divertentes
1269 869 1321 910 ad
1352 870 1536 910 dextram
1564 868 1640 910 iter

134 960 137 964 ,
194 932 476 975 Cithaeronem
505 948 652 976 versus
683 935 893 976 flectebant
922 937 964 985 ἐς
985 933 1191 992 Ἐρυθρὰς
1218 937 1285 982 καὶ
1303 935 1465 989 Ὑσιάς,
1496 934 1636 979 deinde

190 1001 303 1055 potiti
328 1008 458 1044 monte
489 1009 714 1045 evaserunt·
735 1003 777 1044 in
804 1003 992 1047 Atticam.
1058 1004 1174 1056 Quae
1204 1005 1432 1061 Polyaenus
1463 1005 1530 1049 vl.
1567 1013 1635 1059 19,

192 1074 235 1114 3.
264 1083 304 1123 Ρ.
324 1075 418 1114 584.
452 1084 515 1124 sq.
545 1072 665 1113 tradit
694 1072 736 1113 in
754 1073 913 1113 modum
930 1071 1060 1112 hunc:
1098 1070 1146 1115 οὗ
1180 1071 1260 1132 μὴν
1294 1071 1406 1117 οὐδὲ
1437 1072 1526 1132 τὴν
1563 1073 1636 1117 ἐπ’

188 1133 422 1195 Ἀθηνῶν
464 1137 591 1184 ὁδὸν
630 1137 873 1196 ἐτράποντο,
927 1136 1059 1185 ἀλλὰ
1100 1138 1192 1196 τὴν
1230 1140 1313 1184 ἐπὶ
1355 1143 1544 1197 Θηβῶν
1579 1140 1635 1192 ὥς

191 1201 342 1264 ἥκιστα
370 1206 423 1252 ἂν
450 1207 557 1253 κατὰ
583 1206 738 1265 ταύτην
770 1207 1028 1266 διωχθέντες.
1100 1210 1190 1252 Καὶ
1219 1207 1295 1266 γὰρ
1325 1206 1434 1254 οὕτω
1468 1213 1633 1267 συνέβη.

192 1269 521 1330 Λακεδαιμόνιοι
548 1275 622 1331 μὲν
661 1273 732 1319 διὰ
761 1279 836 1319 τοῦ
862 1278 1140 1332 Κιθαιρῶνος
1161 1274 1340 1321 ἐδίωκον·
1369 1279 1410 1320 οἳ
1435 1275 1483 1320 δὲ
1509 1275 1634 1319 Πλα-

189 1347 319 1391 ταιεῖς
348 1344 391 1385 ἐκ
421 1345 492 1399 τῆς
531 1341 633 1385 ὁδοῦ
668 1345 740 1396 τῆς
778 1344 991 1399 Θηβαϊκῆς
1024 1344 1271 1394 ἐκκλίναντες
1302 1343 1551 1398 ἐπανῆλθον
1577 1344 1632 1392 ἐς

189 1407 281 1459 τὰς
313 1407 486 1468 Θήβας
520 1412 716 1467 κᾳκεῖθεν
749 1407 950 1466 Ἀθήναξε
989 1408 1274 1466 διεσώθησαν,
1314 1410 1382 1450 ubi
1412 1411 1634 1462 depravata

190 1476 249 1518 sic
286 1476 448 1518 reficere
486 1478 734 1533 ἐπανῆλθον
768 1480 812 1527 ἐς
832 1474 976 1527 Ὑσιὰς
1016 1477 1225 1530 occupavit
1254 1476 1552 1518 Valckenarius
1588 1476 1632 1517 in

186 1544 337 1590 Herod.
367 1545 416 1590 V.
448 1551 515 1589 74.
547 1559 589 1599 Ρ.
606 1551 704 1589 623.
761 1545 917 1587 Eadem
945 1551 1032 1587 arte
1052 1545 1226 1587 Neocles
1247 1545 1482 1586 Boeotorum
1509 1557 1632 1597 prae-

187 1613 316 1655 fectus
333 1628 385 1656 ex
404 1614 621 1666 improviso
639 1614 833 1655 Plataeas
856 1614 1076 1666 opprimere
1096 1613 1269 1664 molitus,
1299 1613 1338 1654 id
1370 1614 1474 1665 quod
1504 1612 1630 1653 voluit

188 1687 517 1736 exequutusest,
548 1677 593 1733 ὅς
627 1680 727 1733 τοὺς
750 1684 958 1739 Θηβαίους
983 1706 1041 1719 .-.-
1073 1680 1129 1725 οὗ
1158 1680 1248 1738 τὴν
1274 1679 1497 1723 εὐθεῖαν
1524 1675 1628 1723 ἀπὸ

187 1751 512 1806 τῶν.Θηβῶν
550 1745 645 1805 τήν
682 1765 736 1792 τε
772 1749 857 1792 ἐπὶ
900 1746 994 1806 τήν
1033 1745 1288 1805 πεδιάδα,
1334 1744 1426 1804 τὴν
1459 1744 1505 1790 δὲ
1539 1744 1628 1789 ἐπὶ

183 1814 357 1872 εΥσξιιῖις
375 1810 443 1873 ἦγε
462 1814 563 1870 πρὸς
580 1814 836 1870 Ἐλευθερῶν
854 1832 896 1858 τε
914 1815 983 1858 καὶ
1001 1817 1074 1871 τῆς
1088 1815 1279 1871 Ἀττικῆς,
1308 1808 1333 1876 ᾖ
1353 1813 1457 1869 μηδὲ
1477 1810 1627 1863 σκοπὸς

185 1886 386 1930 ἐτέτακτο.
415 1883 537 1927 Paus.
551 1890 588 1935 1,
615 1889 657 1930 3,
683 1896 723 1936 p.
737 1890 776 1926 6.
834 1882 944 1924 Adde
965 1884 1069 1935 quod
1087 1883 1234 1924 Graeci
1250 1885 1302 1923 ab
1321 1881 1514 1923 Eleusine
1536 1880 1627 1922 inde

187 1949 383 1995 ἆπίκοντο
404 1954 473 2001 τῖς
487 1954 689 2006 Βοιωτίης
708 1952 746 2001 ἐς
761 1949 973 2006 Ἐρυθρὰς
990 1975 1046 1982 -
1066 1951 1133 1993 καὶ
1157 1946 1450 1994 ἀντετάσσοντο
1469 1949 1538 1992 ἐπὶ
1556 1951 1629 2004 τῆς

184 2009 385 2075 ὖπωρέίης
404 2022 478 2063 τοῦ
494 2016 766 2075 Κιθαιρῶνος
785 2017 933 2061 Herod.
954 2017 1026 2061 IX.
1049 2024 1116 2061 19.
1164 2016 1317 2071 Hysiae
1335 2016 1491 2069 quidem
1509 2020 1626 2067 atque

183 2089 386 2144 Erythrae
415 2089 457 2131 in
486 2089 713 2142 Parasopia
751 2088 853 2129 sitae
883 2088 1043 2142 (Eurip.
1075 2088 1225 2131 Bacch.
1256 2093 1355 2130 707.
1390 2087 1526 2128 Strab.
1553 2083 1627 2128 IX.

183 2172 227 2211 Ρ.
256 2162 356 2202 404.
380 2157 500 2214 409.)
556 2157 789 2199 Eleutheris
817 2156 1008 2199 Plataeas
1038 2157 1112 2197 iter
1140 2155 1317 2197 facienti
1339 2162 1432 2196 sunt
1459 2154 1628 2206 paullu-

181 2226 268 2268 lum
307 2238 334 2267 a
367 2231 477 2267 recta
515 2225 696 2278 digresso
728 2226 781 2266 ad
817 2226 1000 2266 dextram
1035 2222 1236 2280 (Pausan.
1264 2222 1338 2267 IX.
1368 2229 1418 2275 2,
1452 2229 1490 2266 1.
1516 2235 1557 2275 Ρ.
1587 2226 1627 2275 7,

179 2295 429 2347 wesseling.
460 2300 499 2336 et
526 2294 725 2336 Valcken.
754 2294 798 2334 in
826 2293 975 2337 Herod.
1004 2307 1047 2346 Ρ.
1073 2299 1170 2336 622.
1202 2291 1344 2348 623.),
1376 2305 1479 2345 quae
1509 2304 1628 2344 quam

180 2374 304 2416 prope
335 2363 385 2401 ab
426 2363 525 2402 urbe
554 2360 853 2402 Plataeensium
884 2360 1019 2401 absint
1048 2360 1139 2401 inde
1168 2360 1387 2412 iudicatur,
1425 2361 1530 2412 quod
1560 2357 1626 2410 qui

184 2431 291 2482 apud
330 2428 482 2482 Hysias
523 2429 776 2470 constituitur
812 2429 1013 2470 exercitus
1059 2430 1200 2470 subest
1240 2428 1335 2469 fano
1365 2426 1624 2469 Androcratis

105 2521 108 2525 ¹
180 2497 347 2555 (Herod.
358 2495 430 2538 IX.
447 2497 568 2554 25.),ΔᾸ
583 2498 691 2551 quod
719 2510 845 2553 snpra
873 2497 1022 2539 dictum
1051 2504 1115 2539 est
1143 2497 1298 2539 Thebis
1327 2496 1519 2538 Plataeas
1551 2506 1625 2535 ac-

179 2565 333 2609 cedenti
369 2566 422 2607 ad
459 2564 622 2607 laevam
660 2578 766 2610 esse.
824 2565 873 2608 ln
901 2566 978 2608 hoe
1012 2566 1126 2620 ipso,
1161 2566 1322 2619 opinor,
1362 2564 1485 2615 bivio,
1516 2563 1623 2605 unde

178 2642 249 2678 aut
276 2635 428 2692 Hysias
472 2639 511 2676 et
539 2634 743 2690 Erythras
781 2635 914 2678 ibatur
952 2641 1023 2677 aut
1059 2635 1270 2686 Plataeas,
1307 2633 1522 2686 Antiopam
1551 2646 1624 2687 ge-

177 2705 307 2746 minos
347 2705 507 2747 enixam
544 2717 636 2746 csse
673 2704 795 2747 refert
832 2704 1018 2761 Hyginus
1057 2703 1138 2747 fab.
1168 2702 1256 2746 Vll.
1294 2716 1335 2755 Ρ.
1354 2708 1423 2745 23.
1452 2702 1626 2747 Munck.

176 2774 353 2815 locorum
401 2773 604 2827 aliquanto
654 2773 847 2815 curiosior
891 2773 1079 2826 reliquis,
1131 2772 1200 2824 qui
1234 2771 1343 2813 ultra
1381 2771 1625 2812 Eleutheras

179 2854 270 2882 eum
299 2846 458 2895 partum
487 2840 635 2883 editum
666 2840 909 2894 significant.
941 2840 1022 2884 vid.
1040 2839 1239 2883 Valcken.
1267 2838 1400 2883 Diatr.
1418 2839 1461 2880 in
1482 2839 1626 2896 Eurip·

178 2910 347 2965 Fragm.
378 2925 416 2955 c.
440 2910 530 2955 Vll.
560 2924 604 2965 Ρ.
635 2917 703 2955 59.
727 2912 767 2955 b.
794 2925 831 2955 c.
860 2924 903 2964 Ρ.
933 2916 1005 2953 62.
1033 2921 1073 2953 a.
1103 2909 1208 2953 conf.
1240 2908 1485 2962 Timagoras
1520 2909 1628 2962 apud
