1824 3347
911 280 971 327 21

193 398 233 437 lo
277 394 463 438 inferius,
526 394 696 448 Templo
726 393 940 435 adiacebat
968 394 1220 447 gymnasium
1249 401 1288 437 et
1315 395 1485 438 stadium
1515 394 1646 445 (Pau-

198 476 288 505 san.
309 467 423 514 c.11‚
452 467 492 506 4.
522 462 682 517 p.41.).
722 460 1053 502 -Perveniebatur
1077 466 1208 501 autem
1236 463 1279 502 in
1306 464 1383 504 hoc
1414 461 1648 503 suburbium

196 539 234 573 et
260 533 311 573 ad
343 531 528 575 Herculis
560 533 770 575 delubrum
798 545 871 584 per
899 531 1055 572 viarum
1084 532 1317 584 angustias,
1354 533 1461 574 intra
1491 546 1591 586 quas
1621 544 1647 572 a

194 599 387 640 Perdicca
423 601 620 653 compulsi
659 613 778 653 quum
813 601 866 640 ad
901 598 1091 640 Herculis
1130 600 1269 639 aedem
1305 602 1443 651 pedem
1476 600 1644 641 retulis-

195 674 283 709 sent
313 668 502 710 Thebani
538 682 657 710 verso
684 668 816 709 subito
848 668 1006 720 agmine
1031 668 1301 709 Macedonum
1331 674 1503 720 stragem
1535 670 1643 709 fece-

193 743 296 779 runt.
335 738 415 780 vid.
442 738 635 780 Arrhian.
675 738 786 790 Exp.
811 736 947 782 Alex,
987 737 1019 780 Ι.
1062 744 1101 780 8.
1155 736 1260 778 conf.
1299 736 1497 790 Droysen.
1533 737 1642 779 Hist.

191 805 310 849 Alex.
331 806 390 848 M.
421 821 461 859 p.
484 812 552 849 85.
571 812 653 849 not.
675 812 743 849 95.
773 819 814 858 Ρ.
836 812 905 848 86.
973 804 1204 857 Postremo,
1245 819 1295 846 ne
1333 805 1425 857 quid
1461 811 1640 857 praeter·
1707 844 1712 851 Δ

190 874 389 925 mittatur,
427 875 468 914 in
508 874 595 914 foro
628 874 806 915 suburbii
837 874 911 915 fuit
941 880 1075 915 statua
1103 874 1292 915 Herculis
1324 873 1538 930 (Antonin.
1566 875 1640 913 Li-

190 943 273 985 ber.
304 956 338 985 c.
359 942 544 984 XXXIII.
575 948 734 997 Ρ.,144.
776 956 808 984 s,
852 943 1071 998 Pherecyd.
1102 957 1142 995 p.
1167 944 1283 996 184.)
1313 951 1351 984 et
1378 956 1503 996 supra
1531 942 1639 995 lapi-

188 1011 296 1063 dem,
332 1011 400 1063 qui
435 1011 640 1052 dicebatur
657 1010 984 1068 -Σωφρονιστὴρ,
1021 1025 1096 1053 ara
1129 1011 1333 1064 Apollinis
1373 1017 1635 1064 cognomento

189 1078 358 1132 Spondii
384 1080 578 1133 (Pausan.
609 1094 643 1125 c.
663 1087 731 1133 11,
763 1086 801 1124 5.
832 1094 873 1134 Ρ.
896 1080 1002 1138 41.).

318 1285 456 1326 Altero
485 1286 574 1326 loco
604 1287 732 1329 dicam
761 1290 809 1330 de
837 1289 1105 1334 Proetidibus.
1165 1289 1236 1332 Sic
1274 1302 1344 1329 eae
1383 1294 1521 1340 portae
1553 1301 1631 1327 no-

184 1352 384 1393 minantur
422 1368 509 1394 cum
543 1355 593 1394 ab
635 1356 818 1397 omnibus
849 1357 1008 1398 omnino
1045 1364 1127 1399 tum
1156 1370 1182 1398 a
1205 1356 1335 1397 Statio
1366 1356 1497 1398 Theb.
1526 1353 1630 1396 V'lll.

185 1426 305 1462 353.:
333 1420 527 1475 „Hypsea
551 1421 836 1475 Proetides,
866 1424 1017 1465 celsum
1046 1425 1184 1465 fudere
1203 1424 1386 1477 Dryanta
1401 1423 1633 1464 Electrac.“

182 1488 235 1529 At
262 1502 355 1529 vero
394 1489 461 1541 qui
500 1489 566 1529 hic
593 1490 800 1531 Proetides
839 1493 1000 1545 posuit,
1043 1499 1189 1534 certam
1230 1492 1268 1531 is
1298 1492 1426 1543 legem
1454 1490 1629 1541 violavit,

183 1558 278 1611 quia
308 1560 523 1599 secundam
562 1558 650 1599 eius
690 1561 876 1602 vocabuli
916 1562 1117 1616 syllabam
1143 1576 1257 1603 nemo
1290 1567 1359 1602 aut
1388 1559 1629 1602 Graecorum

182 1631 251 1666 aut
278 1626 555 1681 Romanorum
581 1624 714 1679 'magis
746 1629 959 1681 corripuit,
988 1644 1107 1681 qnam
1135 1631 1318 1680 Belides,
1357 1629 1625 1678 Dardanides,

179 1692 390 1743 Lesbides,
421 1692 518 1744 alia,
550 1706 650 1745 qnae
681 1701 774 1735 sunt
803 1697 910 1746 apud
938 1695 1025 1737 Nic.
1044 1696 1253 1736 Heinsium
1282 1696 1323 1735 in
1352 1695 1467 1737 Ovid.
1487 1694 1624 1746 Epist.

178 1762 342 1804 Heroid.
372 1761 457 1802 Vll.
490 1768 583 1804 145.
624 1767 663 1802 et
697 1761 784 1806 Art.
820 1763 908 1807 Am.
949 1764 980 1805 I.
1021 1771 1117 1808 172.
1156 1771 1194 1805 et
1230 1765 1274 1805 in
1313 1764 1526 1806 Claudian.
1552 1762 1622 1806 IV.

183 1831 307 1873 Cons.
350 1830 503 1873 Honor.
545 1837 662 1879 180.;
708 1831 749 1872 id
796 1834 901 1884 qnod
939 1840 1123 1874 accurate
1166 1831 1343 1874 definivit
1380 1831 1622 1872 Ouwensius

180 1900 312 1942 Noctt.
340 1900 446 1952 Hag.
474 1901 542 1944 ΙΙΙ.
571 1907 639 1942 23.
669 1914 710 1952 p.
733 1907 828 1944 607.
853 1915 942 1954 sqq.
1009 1901 1328 1962 Versumligitur
1348 1933 1360 1952 ‚
1391 1914 1507 1953 quem
1535 1900 1621 1940 sine

177 1970 266 2012 vitii
293 1969 521 2022 suspicione
548 1982 574 2009 a
605 1969 874 2010 Valckenario
903 1970 945 2010 in
971 1970 1116 2024 Eurip.
1145 1971 1300 2012 Phoen.
1332 1975 1427 2012 758.
1459 1982 1499 2020 Ρ.
1524 1974 1621 2010 283.

180 2037 362 2091 alioquin
399 2037 441 2077 in
480 2038 559 2079 hoc
598 2050 743 2089 genere
783 2038 1208 2091 circumspectissimo,
1243 2044 1288 2078 ut
1318 2036 1524 2089 splendide
1551 2048 1620 2076 ar-

177 2112 305 2160 guunt
335 2112 526 2147 annotata
553 2105 596 2145 iu
624 2105 828 2148 Theocrit.
854 2105 968 2159 Idyll.
996 2106 1027 2150 Ι.
1062 2113 1131 2148 22.
1161 2119 1203 2158 p.
1227 2113 1263 2148 9.
1281 2136 1292 2156 ,
1320 2103 1520 2156 prolatum
1549 2114 1618 2141 es-

154 2200 156 2202 ·
180 2191 224 2218 se
260 2176 384 2216 miror
421 2176 697 2226 vehementer,
739 2174 928 2215 Kuhnius
963 2174 1006 2215 in
1040 2175 1218 2218 Pausan.
1246 2174 1316 2215 IX.
1344 2186 1384 2224 p.
1402 2176 1501 2214 727.
1524 2169 1618 2211 vul-

177 2244 289 2298 gavit
306 2243 481 2284 numeris
497 2243 553 2283 ita
573 2242 768 2295 expletis:
802 2241 998 2296 „Hypsea
1026 2241 1367 2292 Proeticiae“‚
1396 2251 1516 2292 quam
1545 2251 1620 2278 vo—

175 2325 260 2352 cem
287 2310 462 2351 Krusius
491 2309 652 2352 Hellad.
682 2309 773 2353 Vol.
792 2309 839 2351 11.
868 2309 917 2353 Ρ.
935 2310 966 2353 Ι.
995 2317 1153 2363 Ρ.ι559.
1186 2309 1420 2351 deformavit
1446 2308 1491 2349 in
1513 2306 1619 2347 hanc

178 2377 373 2430 speciem:
403 2376 597 2429 „Hypsea
616 2376 958 2419 Proetidiae.“
997 2377 1126 2419 Extat
1143 2378 1290 2430 quippe
1312 2377 1416 2417 illud
1436 2374 1615 2423 (Proe-

174 2447 277 2489 tiae
304 2446 347 2487 in
375 2446 560 2498 Turgotii
586 2445 688 2486 libro
719 2451 779 2487 est
803 2460 844 2499 Ρ.
863 2448 978 2503 528.)
1018 2450 1125 2502 apud
1149 2447 1404 2489 Lactantium
1438 2444 1481 2483 in
1509 2442 1615 2485 Stat.

175 2516 266 2566 l.c.,
292 2528 363 2568 pro
391 2527 467 2565 qno
491 2513 698 2554 Proetides
727 2514 921 2567 integrari
949 2516 1089 2557 maluit
1118 2515 1378 2558 Staverenius
1404 2512 1446 2552 in
1464 2509 1612 2564 Hygin.

171 2584 275 2626 Fab.
288 2581 431 2624 LXIX.
460 2594 499 2633 Ρ.
516 2586 612 2624 141.
668 2581 774 2623 Idem
795 2582 1000 2636 displicuit
1020 2584 1173 2639 Heynio
1194 2583 1236 2623 in
1254 2588 1349 2623 nott.
1362 2577 1612 2632 adApollod.

173 2652 246 2695 ΠΙ.
281 2659 320 2703 6,
353 2658 389 2693 6.
419 2664 458 2703 Ρ.
482 2656 604 2701 618.,
645 2651 734 2702 qui,
769 2657 812 2692 ut
838 2653 1022 2706 syllabae
1050 2653 1234 2693 modulus
1266 2654 1471 2693 constaret
1499 2661 1613 2692 suus,

170 2720 365 2765 vocabulo
394 2717 600 2760 Proetides
633 2719 878 2761 continuavit
905 2721 1097 2762 insertam
1123 2718 1362 2773 particulam
1392 2723 1465 2769 at,
1513 2728 1614 2768 quae

173 2801 292 2842 quam
331 2789 383 2828 sit
420 2801 501 2828 non
531 2787 647 2827 modo
687 2787 898 2841 inefficax,
937 2803 1073 2831 verum
1112 2789 1340 2840 importuna
1377 2793 1416 2828 et
1445 2785 1616 2827 molesta

171 2855 275 2897 nihil
310 2855 451 2896 attinet
487 2854 629 2897 dicere.
687 2855 775 2898 Nos
807 2856 936 2900 Statio
964 2858 1079 2898 unice
1108 2852 1613 2903 consultum'arbitramur,

172 2924 207 2966 si
245 2923 365 2966 unius
394 2923 594 2968 litterulae
633 2925 888 2981 accessione,
927 2940 1007 2980 qna
1035 2926 1144 2970 facta
1177 2933 1215 2970 et
1252 2927 1367 2969 metri
1407 2924 1614 2979 integritas
