1824 3347
890 269 926 318 ⁴1

177 381 333 437 Bystas
365 385 491 434 'atque
520 378 737 433 Erythras.
773 388 776 392 ·
809 377 870 420 Ad
901 377 978 419 hoc
1016 378 1174 421 nullum
1211 392 1263 420 ex
1292 376 1462 431 Ogygiis
1498 375 1625 429 portis

177 450 253 492 iter
269 448 312 490 in
341 448 450 491 hauc
478 446 678 501 regionem
710 445 837 487 fuisse
867 459 942 487 suo
974 445 1062 489 leco
1093 445 1478 489 commonstrabitur.
1535 442 1626 487 Hoc

178 522 309 559 autem
339 518 427 560 leco
458 530 533 571 par
571 522 635 558 est
665 516 785 557 etiam
815 512 994 567 reliquos
1025 514 1213 557 Boeotiae
1242 519 1282 553 et
1311 512 1503 557 Thebani
1531 510 1624 565 agri

178 585 310 627 aditus
338 584 530 640 patefieri.
589 583 766 626 Primum
794 582 919 635 igitur
947 582 1179 628 interclusis
1204 580 1514 623 Eleutherarum
1545 593 1624 621 au·-

177 655 323 708 gustiis
362 655 643 709 Peloponnesii
681 659 726 694 ut
762 652 1005 695 declinarent
1042 655 1093 694 ab
1123 651 1278 693 Atticae
1310 650 1479 692 transitu
1509 651 1625 690 The-

178 721 293 776 spias
338 723 412 766 iter
457 723 658 765 faciebant
707 734 780 775 per
817 719 1077 774 Aegostheua
1125 726 1164 761 et
1204 717 1377 762 Creusin
1418 716 1621 773 (Xenoph.

176 790 282 834 Hist.
302 791 373 836 Gr.
395 791 439 835 V.
471 797 512 844 4,
535 798 600 834 16.
634 797 700 833 18.
731 789 799 833 VI.
825 795 865 842 4,
897 796 966 835 25.
984 787 1091 844 26.).
1147 789 1210 830 De
1240 802 1317 840 quo
1346 787 1487 828 itinere
1516 787 1625 827 haud

175 857 327 912 integre
365 859 492 902 sensit
522 858 662 902 Odofr.
692 857 916 900 Muellerus
957 857 1141 901 Orchom.
1173 862 1340 910 Ρ.-489.
1370 862 1409 896 et
1436 854 1506 908 qui
1535 854 1624 896 eius

175 919 319 980 opibus
362 928 528 981 saepius
576 940 738 969 numero
786 927 904 970 tacite
956 929 1110 967 abusus
1146 931 1208 966 est
1245 924 1421 965 Krusius
1461 923 1623 967 Hellad.

175 994 266 1039 Vol.
291 997 344 1041 Π.
374 996 424 1040 P.
448 996 485 1041 Ι.
512 1009 551 1049 Ρ.
579 1001 679 1041 493.
752 994 986 1039 Cavendum
1020 1000 1085 1037 est
1123 994 1227 1037 enim
1265 1005 1531 1047 magnopere,
1571 1005 1623 1033 ne

176 1063 454 1107 Cleombrotus
502 1070 662 1118 putetur
702 1064 892 1108 Boeotiae
935 1063 1035 1106 fines
1089 1078 1169 1105 nou
1218 1077 1288 1117 per
1331 1062 1619 1104 Cithaeronias

172 1133 312 1177 fauces
343 1134 532 1178 intrasse.
592 1135 674 1179 Sed
712 1134 805 1177 hino
843 1133 953 1178 clare
984 1132 1191 1177 conficitur
1229 1132 1507 1175 detrimentum
1548 1145 1622 1173 ce«

173 1204 285 1257 pisse
313 1203 574 1245 Plutarchum
603 1204 644 1244 iu
674 1202 744 1247 vit.
774 1203 976 1258 Lysandr.
1006 1202 1188 1246 XXVIII.
1219 1201 1310 1245 Vol.
1329 1202 1397 1246 111.
1429 1215 1470 1254 Ρ.
1499 1207 1619 1245 169.=

174 1278 423 1324 Παυσανίας
454 1273 529 1330 μὲν
552 1274 722 1331 nvnc?
748 1271 1063 1329 περιελθὼν
1091 1272 1181 1317 διὰ
1208 1275 1300 1317 τοῦ
1327 1273 1621 1328 Κιθαιρῶ-

174 1358 288 1394 νος,
318 1341 482 1398 ἔμελλεν
505 1344 563 1393 εἰς
591 1342 666 1400 τὴν
693 1346 900 1386 Βοιωτίαν
928 1342 1143 1399 εἶςβαλεῖν·
1185 1340 1430 1397 Λύσανδρος
1468 1341 1515 1385 δὲ
1547 1340 1621 1384 διὰ

179 1413 356 1454 Φωκέων
395 1408 584 1467 ἀπήντα,
633 1423 707 1461 ope
739 1409 1037 1462 promptissima
1075 1416 1140 1461 et,
1178 1423 1228 1450 ne
1272 1410 1378 1450 alios
1408 1410 1620 1459 nominem,

172 1476 368 1518 Meinekii
405 1477 589 1528 Quaestt.
630 1477 749 1519 Scen.
781 1476 901 1529 Spec.
933 1480 967 1520 Ι.
998 1490 1039 1530 Ρ.
1073 1484 1138 1521 15.
1167 1483 1251 1520 not.
1289 1483 1328 1518 et
1367 1477 1548 1520 Santeuii
1578 1476 1623 1516 in

171 1544 355 1602 Propert.
384 1558 425 1598 Ρ.
452 1552 552 1589 907.
584 1544 817 1599 auctoritate
854 1545 955 1588 satis
986 1547 1261 1589 commendata
1296 1546 1354 1588 sic
1392 1545 1621 1588 resarcirem-

173 1616 301 1656 dum:>
327 1620 571 1668 Παυσανίας
609 1615 705 1669 μὲν,
743 1613 802 1658 οὗ
847 1613 1392 1672 κυκλῷπεριελθὼν,
1433 1614 1502 1660 διὰ
1541 1615 1620 1658 τοῦ

174 1684 454 1738 Κιθαιρῶνος
490 1681 655 1736 ἔμελλεν
681 1684 740 1732 εἷς
775 1679 851 1738 τὴν,
877 1685 1086 1728 Βοιωτίαν
1123 1682 1335 1738 εἲςβαλεΐν.
1404 1682 1506 1726 Sunt
1545 1684 1618 1725 de-

171 1750 284 1802 inde,
342 1750 408 1802 qui
441 1750 645 1791 Boeotiam
691 1755 869 1801 petentes
913 1750 1070 1803 Phylen
1115 1750 1324 1793 castellum
1364 1756 1618 1803 praetereant

171 1818 556 1870 transscendantque
594 1816 834 1858 Parnethem
863 1823 1046 1862 montem.
1082 1817 1163 1859 vid.
1196 1816 1355 1858 Gellius
1386 1819 1435 1860 lt.
1475 1816 1520 1863 of
1545 1817 1617 1861 Gr.

171 1901 213 1940 Ρ.
237 1893 309 1931 42.
356 1893 395 1927 et
426 1900 527 1939 quos
558 1886 667 1927 addit
696 1887 874 1927 Krusius
904 1886 1065 1930 Hellad.
1097 1900 1138 1938 Ρ.
1166 1894 1234 1928 11.
1275 1893 1358 1937 not.
1401 1895 1473 1931 49.
1512 1887 1618 1932 conf.

169 1954 378 1998 Plutarch.
416 1954 489 1998 vit.
518 1954 722 2009 Lysandr.
752 1954 975 1998 XXXVffl.
1016 1968 1057 2006 Ρ.
1091 1962 1188 1998 169.
1246 1955 1429 2011 Denique
1468 1965 1514 1996 eo
1551 1956 1620 1997 via

172 2031 234 2067 est
264 2037 290 2065 a
317 2023 536 2066 Parnethis
565 2030 699 2077 parte,
745 2037 847 2077 quae
874 2024 916 2065 in
947 2021 1137 2065 orientem
1169 2025 1297 2066 solem
1328 2031 1500 2078 spectat,
1542 2035 1620 2066 ex'-

171 2105 289 2145 orsa,
319 2092 412 2134 hinc
441 2098 626 2146 porrecta
654 2098 817 2146 propter
845 2091 970 2134 maris
1005 2092 1121 2134 littus
1150 2107 1222 2146 per
1252 2093 1426 2147 Oropum
1455 2101 1495 2137 et
1529 2094 1620 2136 'ra-

169 2174 341 2214 nagram
368 2160 627 2218 (Dicaearch.
638 2163 708 2208 vit.
718 2163 861 2207 Graec.
883 2176 924 2216 Ρ.
938 2169 1034 2206 185.
1054 2170 1151 2207 186.
1172 2164 1295 2206 Krus.
1315 2164 1431 2222 l.‹1.).
1489 2165 1618 2206 Prae-

170 2237 280 2272 terea
316 2235 355 2272 et
401 2227 476 2288 τήν
524 2230 629 2279 κατὰ
670 2229 854 2285 Θεσπιὰς
892 2238 931 2274 et
966 2231 1043 2291 τὴν
1081 2230 1185 2277 κατὰ
1224 2236 1395 2279 Σκῶλον
1432 2231 1621 2292 πάροδον

171 2300 341 2340 ostendit
368 2299 599 2354 Polyaenus
630 2303 679 2344 Π.
714 2309 761 2353 1,
804 2309 871 2347 11.
914 2316 956 2355 Ρ.
991 2307 1089 2346 124.
1136 2309 1175 2343 et
1215 2303 1264 2344 11.
1306 2311 1355 2355 1,
1399 2310 1468 2348 25.
1509 2304 1613 2348 conf.

170 2365 400 2409 Schneider.
431 2367 474 2408 iu
504 2367 688 2421 Xeuoph.
719 2369 827 2414 Hist.
859 2370 930 2414 Gr.
960 2383 1001 2422 Ρ.
1019 2376 1116 2414 385.
1136 2376 1233 2413 379.
1279 2371 1428 2414 Herod.
1445 2372 1513 2417 lx.
1547 2379 1616 2415 15.

168 2435 225 2478 Et
254 2434 400 2479 Scalas
429 2434 588 2489 quidem
618 2435 806 2490 oppidum
836 2437 959 2491 avia,
992 2451 1094 2491 quae
1118 2438 1286 2481 Thebas
1317 2438 1495 2480 Plataeis
1524 2437 1615 2491 fert,

171 2504 305 2548 stadia
333 2502 416 2545 fere
448 2505 716 2557 quadraginta
744 2513 939 2549 remotum
967 2506 1174 2563 (Pausau.
1206 2508 1277 2552 lX.
1309 2513 1359 2559 4,
1392 2514 1430 2553 3.
1462 2521 1500 2560 Ρ.
1523 2508 1617 2564 16.)

171 2572 367 2625 situmque
382 2576 467 2614 erat
489 2571 531 2614 in
550 2572 775 2627 Parasopia
796 2574 1138 2633 (Cliuton,Fastt.
1153 2574 1312 2628 Helm».
1325 2581 1420 2618 395.
1443 2582 1523 2619 not.
1536 2576 1613 2633 1.).

170 2642 259 2693 Quo
288 2641 469 2683 Plataeis
509 2641 545 2682 si
574 2643 827 2695 profecturus
858 2659 923 2698 es,
962 2645 1037 2686 iter
1064 2647 1298 2687 movendum
1336 2651 1397 2686 est
1426 2648 1480 2687 ad
1509 2647 1618 2702 Ery-

169 2709 516 2766 thrasiffleuoph.
533 2708 584 2756 V.
615 2716 656 2764 4,
687 2717 759 2762 49,
790 2713 896 2759 conf.
915 2713 1064 2758 Herod.
1094 2713 1165 2759 IX.
1196 2719 1266 2760 25.
1296 2720 1338 2754 et
1366 2713 1618 2769 wesseling.

169 2778 386 2833 P01064·)·.
