1824 3347
882 252 918 303 8

305 370 390 412 lam
427 376 472 414 ut
507 383 646 413 eorum
689 383 902 414 recensum
937 364 983 412 et⁴
1015 368 1325 423 descriptionem
1354 368 1632 420 exhibeamus,

174 451 277 493 quae
308 440 416 482 circa
440 441 631 490 Electras
668 448 808 494 portas
848 440 1102 491 visebantur,
1129 440 1220 480 'huc
1246 451 1299 479 ex
1332 431 1635 481 Plataeensium

172 506 323 548 finibus
352 508 602 551 Pausaniam
626 509 889 550 recordabere
913 506 1280 560 appropinquasse.
1340 506 1478 557 Quare
1505 506 1634 548 Whe-

173 576 284 618 lerus
312 576 404 621 ltin.
443 592 486 632 p.
525 584 624 622 377.
663 579 726 619 ed.
763 576 892 619 Amst.
927 575 1194 629 Musgravius
1234 575 1278 616 in
1310 575 1456 628 Eurip.
1490 574 1634 628 Suppl.

176 652 275 688 663.
304 646 464 689 Mar-kl.
503 660 545 700 p.
574 652 669 689 133.
707 658 773 687 ex.
812 644 928 697 Lips.
966 643 1242 696 singulorum,
1291 655 1393 696 quae
1430 643 1627 696 spectarit

170 716 419 769 Pausanias,
450 716 628 769 positum
658 728 710 755 ex
738 713 896 765 itinere,
927 726 1005 766 quo
1025 714 1193 754 Thebas
1219 718 1380 754 ventum
1398 719 1531 763 esset,
1563 714 1635 753 de-

174 782 287 824 finiri
311 791 419 826 recte
458 783 761 832 existimarunt3
805 787 948 823 contra
980 780 1240 823 Hermannus
1279 780 1325 822 in
1361 780 1504 833 Suppl.
1535 786 1634 824 681.

172 865 218 904 P.
248 857 320 894 47.
350 865 412 905 sq.
453 865 537 893 non
575 856 818 904 assequutus
850 850 923 891 ille
942 841 1123 891 ¹mentem
1151 849 1355 901 Wheleri,
1396 848 1634 891 Siebelisius

175 919 221 959 in
249 919 429 962 Pausan.
459 919 531 962 IX.
564 925 632 971 17,
658 926 698 962 2.
740 933 785 972 p.
820 925 889 962 56.
932 926 971 961 et
1001 918 1229 960 Schoenius
1269 932 1310 972 p.
1342 924 1440 962 155.
1469 917 1557 959 ι’ἰηὶΓ
1590 930 1640 959 ea
1673 934 1682 938 ·

178 989 404 1029 enumerari
434 993 629 1042 tanquam
658 990 709 1029 ab
739 990 838 1030 urbe
867 993 1049 1041 spectata
1073 1002 1147 1041 per
1180 1001 1356 1029 errorem
1384 987 1513 1041 lapsi·
1534 992 1641 1039 sunt,

181 1069 298 1108 quem
325 1069 432 1097 nunc
460 1069 544 1097 non
572 1062 692 1098 vacat
728 1055 819 1097 fuse
848 1057 1107 1108 redarguere.
1172 1057 1265 1109 lpse
1293 1056 1524 1097 Pausanias
1553 1055 1641 1108 pri-

176 1135 288 1163 mum
316 1136 365 1164 eo
392 1129 615 1176 repugnat,
653 1124 759 1176 quod
783 1123 1055 1164 narrationem
1087 1136 1202 1164 suam
1230 1123 1288 1165 ita
1313 1122 1557 1175 explicavit,
1595 1128 1639 1163 ut

177 1190 349 1243 itineris,
381 1205 457 1244 quo
488 1191 656 1232 Thebas
686 1184 962 1243 perlustravit,
1001 1196 1116 1231 tenor
1144 1190 1346 1231 videretur
1374 1190 1501 1231 fuisse
1531 1203 1637 1230 unus

178 1265 218 1300 et
246 1266 489 1313 perpetuus3
537 1273 668 1312 neque
701 1272 775 1313 ego
804 1258 1033 1312 perspicio,
1081 1259 1147 1312 qui
1183 1258 1440 1300 Hermannus
1462 1272 1536 1300 *ex
1566 1260 1638 1300 de-

179 1326 398 1379 scriptione
426 1327 681 1379 Proetidum,
712 1328 819 1367 unde
847 1326 950 1367 abiit
978 1328 1030 1367 ad
1049 1326 1249 1379 Euripum
1266 1326 1509 1379 Pausanias,
1540 1341 1638 1368 con-

177 1392 372 1435 iecturam
400 1394 575 1447 potnerit
602 1394 736 1436 facere
775 1396 823 1435 de
855 1394 1058 1438 Electria*
1115 1394 1269 1435 Deinde
1300 1400 1350 1435 ut·
1374 1394 1640 1436 ambulaverit

179 1461 415 1507 Pausanias
454 1463 613 1506 Thebis
641 1476 860 1516 egressus,
893 1463 1028 1504 debuit
1056 1462 1092 1503 is
1131 1477 1249 1504 coeco
1291 1465 1462 1515 quodam
1491 1463 1640 1516 impetu

180 1531 304 1584 ferri,
336 1532 405 1585 qui
435 1545 509 1585 per
537 1544 661 1585 agros
701 1534 752 1573 ab
782 1533 880 1573 urbe
919 1530 1154 1573 remotiores
1183 1531 1346 1584 palatus
1377 1530 1442 1587 (c.
1476 1538 1543 1583 10,
1572 1530 1641 1586 1.)

182 1602 340 1642 demum
366 1601 561 1643 inviseret
591 1614 663 1653 ea,
709 1613 812 1653 quae
841 1590 1080 1653 in‘utraque
1104 1605 1218 1653 parte
1249 1605 1387 1652 portae
1417 1599 1472 1655 (c.
1500 1606 1568 1651 10,
1598 1606 1641 1643 2.

183 1684 247 1722 sq.
279 1684 314 1713 c.
348 1671 439 1724 11.)
479 1671 684 1712 collocata
722 1675 876 1713 erants
929 1670 1050 1711 Mitto
1088 1670 1192 1722 quod
1230 1668 1386 1709 ratione
1421 1668 1642 1710 Hermanni

179 1745 272 1780 rata
301 1739 443 1780 habita
471 1740 654 1781 Ismenus
688 1739 836 1780 fluvius
868 1738 1114 1780 occidentale
1141 1737 1276 1791 potius
1307 1737 1539 1778 Thebarum
1573 1738 1640 1779 la-

181 1813 249 1848 tus
279 1807 431 1849 alluere
461 1808 654 1851 dicendus
687 1814 771 1861 est,
811 1821 930 1862 quam
961 1809 1065 1861 quod
1095 1807 1139 1848 in
1169 1807 1361 1849 orientem
1391 1807 1519 1849 solem
1546 1822 1640 1849 ver-

181 1875 264 1928 git3
293 1875 406 1916 mitto
427 1877 525 1920 alia.
582 1877 677 1918 Non
695 1878 817 1930 longe
834 1878 958 1929 igitur
978 1879 1029 1918 ab
1048 1877 1225 1918 Electris
1255 1878 1371 1918 iuxta
1398 1878 1528 1929 viam,
1560 1890 1640 1929 qua

179 1942 367 1985 Plataeis
398 1943 567 1986 Thebas
597 1943 699 1996 itur,
746 1943 824 1984 fuit
852 1958 1010 1996 eorum,
1061 1944 1129 1997 qui
1156 1944 1311 1997 proelio
1340 1957 1429 1985 cum
1457 1943 1641 1985 Alexan-

180 2013 252 2053 dro
284 2018 323 2053 et
348 2013 644 2055 Macedonibus
676 2013 784 2053 facto
821 2020 987 2052 mortem
1014 2012 1305 2064 oppetiverant,
1335 2019 1541 2052 commune
1573 2024 1641 2051 se-

178 2080 364 2134 pulcrum
392 2079 704 2138 (πολυάνδριον
716 2081 899 2123 Kirchm.
915 2081 962 2121 de
972 2080 1078 2123 Fun.
1088 2081 1155 2123 ΙΙΙ.
1179 2086 1246 2124 14.
1263 2080 1450 2133 Ρ.442.).
1480 2080 1641 2125 V.Pau-

181 2162 273 2190 san.
301 2162 336 2192 c.
363 2156 431 2201 10,
463 2156 501 2192 1.
537 2163 578 2202 p.
615 2155 684 2192 35.
743 2149 849 2191 Ante
878 2148 1066 2189 Electras
1098 2154 1231 2189 antem
1258 2148 1525 2190 a'Tbebanis
1551 2161 1641 2189 cer-

180 2222 315 2258 tamen
340 2218 486 2271 capitis
515 2224 554 2260 et
579 2218 711 2261 famae
743 2222 970 2260 consertum
1000 2216 1228 2259 Arrhianus
1258 2216 1379 2259 etiam
1406 2215 1641 2258 testificatur

181 2286 227 2328 in
254 2286 366 2340 Exp.
395 2287 515 2330 Alex.
544 2289 575 2330 1.
613 2295 653 2332 8.
713 2287 864 2330 Ibidem
903 2286 1007 2328 alter
1043 2285 1118 2327 suit
1157 2286 1272 2328 locus
1310 2285 1553 2340 communis,
1603 2284 1641 2326 si

180 2355 350 2396 Pindari
371 2355 627 2398 Scholiastae
646 2356 689 2397 in
708 2356 828 2399 Nem.
846 2356 918 2400 lx,
949 2362 1017 2399 52.
1047 2369 1089 2408 Ρ.
1102 2362 1202 2399 764.
1234 2357 1467 2397 deberemus
1499 2360 1641 2396 aucto-

178 2423 337 2465 ritatem
366 2424 541 2477 habere,
571 2421 835 2478 'qui‘militum
865 2425 1107 2479 Argivorum
1138 2426 1339 2467 cadavera
1366 2423 1543 2478 septenis
1571 2438 1641 2465 ro·-

180 2491 246 2544 gis
280 2494 331 2533 ad
369 2499 560 2546 septenas
589 2499 731 2546 portas
770 2494 988 2535 exstructis
1017 2494 1169 2536 arsisse
1207 2494 1413 2547 perhibet:
1451 2491 1513 2545 ἐφη
1542 2487 1640 2535 ἑκά-

182 2576 259 2619 στῃ
296 2557 376 2615 γάρ
411 2557 526 2622 πύλῃ
562 2559 850 2616 πολυάνδριον
895 2562 1067 2617 ἐγένετο.
1137 2561 1294 2602 Thebis
1330 2552 1434 2601 enim
1472 2558 1639 2599 combu-

183 2631 272 2666 stos
300 2627 356 2667 ait
393 2628 595 2670 Pindarus
636 2628 798 2684 Olymp.
825 2626 894 2671 VI.
930 2635 997 2671 15.
1028 2642 1089 2681 sq.
1147 2629 1263 2673 Nem.
1294 2629 1367 2671 IX.
1403 2631 1494 2679 24„
1537 2639 1637 2678 quos

180 2705 209 2734 a
232 2693 395 2735 Theseo
421 2695 652 2753 Eleutheris
690 2697 872 2738 conditos
900 2695 1169 2738 Athenienses
1208 2697 1427 2738 iactabant.
1493 2693 1640 2736 Verum

181 2762 276 2801 dum
311 2762 438 2813 pestis
473 2767 524 2806 ob
554 2764 696 2818 Oedipi
734 2764 894 2806 facinus
924 2764 1114 2806 divinitus
1143 2764 1274 2806 missa
1298 2762 1455 2804 Thebis
1482 2752 1638 2805 incum-

178 2828 238 2870 bit
266 2830 377 2882 apud
396 2830 591 2873 Senecam
616 2834 659 2874 in
688 2833 832 2887 Oedip.
861 2838 972 2875 127.
1017 2833 1216 2886 „Longus
1245 2833 1298 2874 ad
1322 2845 1463 2874 manes
1488 2845 1638 2886 prope-

177 2902 292 2944 ratur
320 2899 419 2942 ordo
447 2898 633 2958 Agminis
673 2902 817 2944 moesti
857 2901 1064 2955 seriesque
1099 2902 1227 2945 tristis
1258 2901 1410 2949 Haeret
1445 2908 1486 2944 et
1524 2908 1639 2945 tnr-
