1824 3347
228 378 279 417 de
309 374 492 416 vivorum
520 373 741 420 inimicitiis
772 374 864 426 sed,
894 375 999 426 quod
1029 375 1082 414 ad
1108 380 1386 427 argumentum
1415 374 1555 429 paullo
1586 374 1677 417 effi-

228 432 365 487 cacius
398 449 482 497 est,
514 444 563 485 de
597 440 844 485 mortuorum
869 442 1110 495 inexpiabili
1139 443 1227 484 odio
1257 443 1582 501 flammarumque
1612 445 1677 487 di-

225 515 382 559 visione
417 514 648 570 Cyprianus
676 530 719 570 p.
750 520 847 558 397.
880 512 1109 566 confirmat,
1137 513 1249 555 cuius
1280 513 1430 567 oratio,
1475 522 1519 558 nt
1550 518 1676 559 docu-

225 591 357 625 mento
384 591 446 625 est
470 597 548 625 nos
579 591 684 625 recte
717 583 889 634 sentire,
918 582 977 624 ita
1004 596 1086 622 non
1115 583 1259 634 habet,
1290 596 1367 635 qno
1400 587 1677 628 corroboretur

225 651 358 705 opinio
392 652 553 694 Claudii
584 651 746 703 Civilis,
788 650 853 703 qni
882 649 961 692 loci
992 649 1233 692 conclamati
1262 651 1575 694 emendationem
1604 669 1677 697 ve-

221 720 429 761 rissimam
460 722 567 761 hanc
608 733 718 759 esse:
762 718 1082 770 „Thebanorum
1109 731 1467 770 germanorum
1494 719 1676 762 fabulam

224 792 420 831 transeo“
449 787 727 841 pronunciavit
755 785 800 827 in
829 786 935 831 NoV.
965 785 1091 830 Misc.
1122 786 1245 831 obss.
1279 787 1338 830 T.
1357 787 1387 830 I.
1416 800 1457 839 Ρ.
1490 793 1586 830 138.
1617 813 1675 821 -

220 856 258 899 A
291 857 486 910 sepulcris
516 855 700 896 Eteoclis
741 861 779 895 et
807 854 1014 909 Polynicis
1057 855 1188 897 stadia
1222 854 1344 897 ferme
1381 855 1604 908 quindecim
1631 856 1675 896 in

220 927 290 968 via
313 939 528 979 progresso
563 930 649 966 erat
680 924 866 966 Tiresiae
892 930 1213 978 monumentum,
1241 925 1306 967 vel
1335 924 1467 978 potius
1498 924 1673 966 tumulus

221 995 467 1036 honorarius
492 994 692 1051 (Pausan.
732 1008 768 1037 c.
799 1000 875 1046 18,
908 1000 947 1038 3.
976 1008 1016 1047 p.
1045 999 1111 1037 64.
1129 995 1235 1047 sq.)‚
1277 996 1435 1048 quando
1463 1000 1593 1035 vatem
1621 1008 1673 1035 ne

220 1064 411 1105 Thebani
443 1063 601 1117 quidem
631 1064 673 1104 in
706 1064 959 1103 contentione
988 1062 1206 1115 posuerunt
1239 1063 1324 1103 vita
1358 1062 1537 1103 functum
1580 1075 1672 1102 esse

217 1132 262 1173 in
291 1145 391 1184 agro
408 1131 701 1172 Haliartiorum
730 1138 769 1172 et
798 1130 1000 1172 conditum
1029 1132 1081 1171 ad
1102 1130 1346 1183 Tilphosam
1373 1130 1523 1171 fontem
1541 1129 1671 1183 Apol-

218 1200 293 1241 lini
323 1213 496 1241 saerum.
526 1198 609 1241 vid.
639 1199 819 1242 Pausan.
850 1198 879 1242 l.
907 1212 943 1241 c.
975 1204 1013 1239 et
1041 1198 1112 1240 V11
1143 1204 1189 1250 3,
1218 1205 1256 1241 1.
1290 1198 1377 1241 Vol.
1402 1198 1469 1241 ΙΙΙ.
1497 1211 1538 1251 Ρ.
1572 1203 1669 1241 140.

215 1268 286 1311 ΙΧ.
330 1272 408 1319 333
452 1275 487 1309 1.
547 1267 639 1310 Vol.
665 1267 731 1309 IV.
763 1281 805 1320 p.
852 1274 950 1311 121.
1010 1267 1148 1310 Strab.
1180 1267 1248 1311 lx,
1276 1281 1317 1320 p.
1352 1272 1451 1310 413.
1509 1266 1670 1307 Aristo-

215 1336 342 1389 phan.
379 1348 447 1387 ap,
473 1333 617 1377 Athen.
647 1334 695 1377 ΙΙ.
725 1348 766 1388 Ρ.
799 1340 868 1378 41.
899 1335 950 1376 F.
1009 1335 1199 1378 Eustath.
1236 1335 1278 1376 in
1305 1334 1423 1378 Hom.
1460 1335 1507 1379 ll.
1539 1334 1667 1376 XXII.

217 1419 259 1457 p.
283 1410 408 1455 1362,
439 1408 507 1445 27.
540 1410 578 1444 et
606 1403 649 1443 in
679 1403 828 1457 Odyss.
848 1403 901 1446 X.
932 1417 971 1456 Ρ.
991 1409 1090 1455 410,
1122 1409 1205 1455 49.,
1235 1417 1323 1444 cum
1354 1402 1497 1455 quibus
1524 1408 1667 1443 contu-

216 1473 318 1514 lisse
348 1486 430 1513 non
453 1472 671 1525 poenitebit
692 1472 866 1513 Gellium
884 1473 931 1515 It.
959 1472 1013 1516 of.
1043 1472 1114 1515 Gr.
1144 1486 1184 1525 Ρ.
1202 1479 1295 1515 152.
1354 1471 1553 1515 Dodwell.
1573 1471 1666 1523 Vol.

215 1542 266 1582 ΙΙ.
297 1542 342 1584 P.
363 1542 395 1583 Ι.
428 1554 468 1592 Ρ.
483 1546 581 1582 242.
641 1540 754 1581 Haec
772 1555 840 1581 res
860 1554 942 1580 non
962 1542 1061 1582 satis
1081 1541 1303 1582 deliberata
1323 1547 1361 1581 et
1391 1544 1514 1582 verba
1534 1541 1666 1581 Scho-

214 1610 361 1652 liastae
392 1609 517 1662 Soph.
547 1608 686 1662 Antig.
721 1616 816 1655 127.
846 1611 897 1651 ad
929 1609 1137 1651 arbitrium
1177 1609 1380 1662 explicata
1408 1610 1450 1651 id
1478 1608 1664 1650 momenti

211 1680 403 1729 fecerunt,
432 1684 475 1718 ut
500 1678 738 1719 Welckerns
768 1680 815 1719 de
837 1679 942 1721 Cret.
976 1680 1052 1720 col.
1082 1692 1123 1731 p.
1153 1685 1223 1721 42.
1254 1693 1294 1730 p.
1319 1685 1388 1721 44.
1420 1681 1526 1731 apud
1547 1680 1662 1719 The-

210 1750 286 1790 has
315 1746 573 1799 Tilphosium
611 1746 802 1799 templum
842 1746 1028 1788 extitisse
1054 1752 1252 1790 narraret.
1312 1747 1557 1788 Graecorum
1586 1759 1661 1787 au-

214 1822 292 1856 tem
329 1829 417 1855 mos
454 1815 683 1856 hominibus
729 1815 828 1855 alibi
870 1816 1038 1867 sepultis
1077 1816 1220 1856 inanes
1251 1817 1425 1857 tumulos
1456 1812 1660 1857 excitandi

213 1890 407 1938 pernotus
453 1889 516 1924 est
555 1883 685 1925 studio
724 1883 993 1933 Kirchmanni
1034 1886 1081 1926 de
1120 1885 1225 1927 Fun.
1262 1883 1332 1927 111.
1377 1891 1446 1927 27.
1483 1898 1521 1937 p.
1562 1890 1658 1929 545.

211 1951 388 1993 Meursii
416 1951 459 1991 in
487 1951 690 2006 Lycophr.
718 1964 760 2003 Ρ.
794 1958 890 1994 194.
908 1966 969 2004 sq.
1031 1952 1197 1993 Goensii
1228 1955 1275 1994 de
1301 1952 1526 2004 Cepotaph.
1556 1952 1586 1994 1.
1618 1959 1658 1997 3.

208 2037 251 2077 Ρ.
290 2028 361 2064 22.
392 2035 456 2074 sq.
480 2046 536 2054 —
579 2020 685 2062 Hinc
715 2021 899 2073 digresso
939 2015 1160 2074 apparebat
1188 2021 1281 2062 fons
1310 2021 1530 2074 Oedipodia
1558 2022 1658 2061 ‹luo-

208 2094 286 2134 hus
316 2091 515 2143 sepulcris
556 2090 727 2142 nobilis,
774 2091 900 2131 altero
931 2090 1138 2142 Hectoris,
1184 2091 1297 2131 cuius
1336 2092 1522 2131 memoria
1557 2091 1656 2131 illu-

210 2165 340 2201 strata
379 2165 441 2200 est
476 2172 501 2200 a
538 2157 740 2199 Muellero
781 2158 967 2202 Orchom.
1003 2174 1045 2212 p.
1075 2165 1171 2202 395.
1203 2165 1241 2200 et
1272 2159 1463 2200 Dissenio
1492 2158 1655 2211 Explic.

207 2227 376 2270 Pindar.
407 2225 626 2269 Isthmvl.
658 2233 827 2279 Ρ.538.,
860 2228 986 2268 altero
1017 2227 1239 2280 Asphodici
1258 2227 1460 2270 Thebani.
1490 2227 1655 2269 V.Pau-

210 2311 301 2339 san.
333 2311 368 2340 c.
399 2303 480 2348 18,
517 2302 558 2339 4.
587 2310 628 2349 Ρ.
667 2302 735 2339 65.
794 2297 850 2338 Et
876 2297 1090 2338 Hectorem
1127 2298 1286 2351 quidem
1316 2297 1477 2341 Thebis
1517 2298 1655 2338 condi-

206 2372 291 2406 tum
320 2363 557 2405 testificatur
575 2364 808 2406 Aristoteles
837 2365 904 2417 qui
934 2366 1078 2406 «licitur
1106 2367 1222 2407 huius
1250 2366 1548 2419 epigrammatis
1579 2379 1655 2406 au-

209 2441 315 2475 ctor:
354 2428 524 2489 ‘'Extopv
554 2429 671 2475 τόνδε
717 2436 843 2489 μέγαν
871 2433 1069 2478 Βοιώτιοι
1108 2425 1253 2488 &desc
1291 2436 1453 2486 ἔτευξαν
1485 2430 1654 2490 Τὺμβον

208 2503 312 2558 ὑπὲρ
364 2505 482 2559 γαίης
523 2498 616 2557 σῆμ’
658 2502 1004 2555 ἐπιγιγνομένοις.
1062 2502 1153 2545 Vid.
1189 2502 1303 2554 Pepl.
1344 2516 1382 2555 p.
1425 2509 1492 2545 16.
1531 2501 1650 2542 Cant.

208 2573 329 2614 Anal.
360 2570 537 2613 Brunck.
572 2569 626 2613 T.
655 2569 685 2611 I.
713 2582 755 2622 Ρ.
785 2575 881 2612 182.
921 2570 1084 2613 Anthol.
1111 2571 1200 2612 Pal.
1230 2570 1281 2615 ΙΙ.
1320 2584 1361 2623 p.
1390 2576 1489 2613 755.
1534 2567 1651 2608 Ἐοι-

208 2648 272 2682 tur
311 2640 415 2681 enim
451 2640 693 2692 aliquando,
737 2652 856 2691 quum
885 2638 928 2679 in
959 2639 1167 2681 Graeciam
1210 2639 1441 2693 pestilentia
1475 2637 1660 2689 graviter

206 2708 433 2759 incidisset,
477 2708 681 2749 oraculum
717 2708 1015 2760 respondisset·
1045 2693 1239 2749 maloriun
1279 2707 1396 2748 finem
1432 2719 1513 2745 non
1553 2704 1650 2757 fore,

205 2776 288 2817 nisi
310 2775 496 2815 Hectoris
534 2775 695 2816 ossibus
730 2789 783 2815 ex
810 2774 1018 2829 Ophrynio
1057 2775 1100 2815 in
1131 2789 1218 2816 eam
1249 2778 1387 2815 urbem
1418 2773 1649 2825 deportatis,
1674 2822 1677 2825 Ι

207 2858 311 2899 quae
350 2843 393 2885 in
428 2842 527 2884 belli
561 2845 755 2884 adversus
793 2843 1000 2884 Troianos
1035 2843 1140 2897 gesti
1177 2844 1367 2884 societate
1403 2854 1484 2881 non
1520 2839 1653 2882 fuerit.

205 2916 344 2967 ltaque
389 2912 571 2964 Thebis,
618 2925 787 2964 quarum
832 2912 943 2955 cives
981 2915 1035 2955 ad
1072 2912 1240 2954 Troiam
1285 2925 1365 2952 non
1399 2910 1652 2961 militassent,

1810 672 1824 711 Ι
