1824 3347
909 245 973 294 10

208 358 391 402 Iulianus
419 357 529 399 Orat.
558 358 609 400 Π.
632 371 670 410 Ρ.
693 357 842 411 81..C.
874 357 999 400 Cuius
1016 357 1088 400 *rei
1115 357 1370 413 significatio,
1400 360 1556 415 opinor,
1583 361 1663 402 de-·

209 428 356 470 litescit
392 428 434 469 in
464 427 675 481 Euripidis
712 442 855 480 versu,
905 428 971 481 qui
1000 433 1062 471 est
1088 428 1131 469 in
1161 428 1306 482 Suppl.
1337 435 1434 473 578.
1464 429 1575 483 ἔλθ’,
1605 424 1659 481 ὥς

210 515 255 541 σε
283 495 447 554 λόγχη
478 496 721 552 σπαρτὸς
748 499 792 540 ἒν
820 493 944 540 πόλει
970 494 1104 558 λάβῃ,
1133 509 1300 550 eamque
1327 496 1494 541 Pindari
1522 498 1657 542 verbis

207 568 348 611 Isthm.
381 567 452 610 Vl.
482 575 551 612 10.
601 569 868 623 Σπαρτῶν
911 563 1400 624 ἀκαμαντολογχᾶν
1437 567 1658 611 subiectam

206 647 299 675 esse
328 648 411 675 non
441 635 561 688 plane
592 633 742 675 infitias
780 632 853 674 ivit
886 632 1049 673 Ionsius
1086 646 1126 686 p.
1164 639 1262 677 217.
1320 633 1402 676 Sed
1430 635 1527 687 quin
1558 650 1658 690 poe>-

207 710 295 756 tae‚
324 706 373 746 de
403 719 479 758 quo
511 704 665 757 agitur,
707 704 855 747 dictum
882 708 989 744 certo
1021 702 1170 745 lumine
1208 716 1235 745 a
1267 705 1385 746 nobis
1412 704 1657 749 illustratum

208 774 278 826 sit,
315 775 388 816 vix
418 774 504 815 ulla
533 773 772 826 relinquitur
801 771 998 814 dubitatio
1024 778 1257 826 propterea,
1287 775 1390 827 quod
1416 773 1560 816 afferre
1578 776 1657 817 ha-

204 842 366 895 bemus,
406 842 473 896 qui
505 841 605 883 illud
633 840 767 894 ipsum
794 840 985 881 imitando
1016 840 1278 894 expresserit.
1334 842 1374 883 Is
1412 847 1475 884 est
1501 842 1657 885 Proco-

206 910 323 963 pius,
352 911 419 965 qui
446 912 490 953 in
518 910 694 965 epistola
723 912 775 954 ad
803 909 1020 953 Musaeum
1054 910 1157 953 haec
1194 910 1348 965 posuit:
1386 910 1553 964 ’Ἀλλοις
1580 913 1655 969 μὲν

205 979 281 1036 γὰρ
312 978 443 1030 ἄλλος
471 982 578 1034 μέγα
606 987 766 1035 φρονεῖ·
810 979 834 1023 ὁ
875 976 1054 1029 Λυδὸς
1090 982 1279 1037 χρυσῷ,
1319 979 1344 1025 ὁ
1374 978 1655 1036 Σπαρτιά-

204 1066 296 1105 της
324 1052 393 1106 τῷ
438 1048 649 1104 δόρατι,
697 1048 860 1107 χορδαῖς
884 1047 1031 1103 Ἀρίων
1059 1050 1260 1090 commode
1290 1057 1484 1106 usurpata
1512 1052 1564 1092 ab
1592 1053 1653 1096 Io.

201 1118 385 1159 Meursio
416 1119 458 1159 in
484 1119 607 1162 Misc.
635 1118 789 1160 Lacon.
818 1120 870 1160 II.
893 1125 931 1160 2.
964 1131 1004 1171 p.
1029 1125 1098 1161 95.
1155 1119 1211 1159 Et
1239 1119 1465 1172 Spartiatas
1497 1121 1653 1173 quidem

203 1202 292 1229 cum
322 1188 477 1229 Iuliano
517 1187 547 1231 l.
574 1188 613 1231 d.
652 1194 691 1228 et
729 1187 923 1239 Gregorio
961 1187 1219 1228 Nazianzeno
1256 1189 1390 1242 Epist.
1426 1188 1652 1236 CXXXIX.

199 1271 238 1309 Ρ.
255 1263 354 1300 685.
369 1257 417 1300 C.
476 1256 699 1313 Procopius
723 1256 929 1308 apellavit,
962 1270 1063 1309 quos
1094 1256 1165 1297 alii
1193 1259 1340 1300 rectius
1370 1259 1544 1312 Spartos
1575 1275 1652 1314 ap-

199 1326 365 1379 pellant.
411 1326 515 1369 conf.
555 1327 865 1367 Buenemaunus
913 1325 956 1366 in
999 1325 1185 1369 Lactant.
1230 1327 1376 1369 Institt.
1415 1328 1484 1372 111.
1515 1334 1565 1382 4,
1608 1337 1648 1374 9.

201 1409 242 1448 Ρ.
268 1402 366 1438 205.
422 1395 647 1435 Bochartus
681 1394 812 1436 Chan.
842 1395 874 1437 Ι.
909 1400 978 1437 22.
1009 1408 1049 1446 Ρ.
1070 1399 1168 1437 499.
1182 1395 1228 1438 B.
1261 1400 1301 1436 et
1331 1395 1568 1438 Siebelisius
1598 1399 1650 1439 ad

199 1465 383 1512 Pausan.
413 1464 519 1506 VIII.
565 1470 642 1514 11,
687 1469 726 1506 5.
765 1461 856 1505 Vol.
879 1462 950 1506 111.
990 1476 1030 1515 p.
1060 1468 1157 1508 236.
1225 1462 1548 1521 Consentaneum
1587 1472 1651 1506 est

200 1539 334 1574 autem
365 1532 576 1585 pristinum
607 1530 804 1572 scribendi
836 1543 965 1583 genus
1004 1530 1096 1571 huic
1125 1531 1259 1572 versui
1287 1532 1443 1573 restitui
1472 1532 1514 1573 iu
1543 1533 1649 1575 hanc

198 1601 282 1642 fere
316 1601 506 1654 speciem:
548 1599 656 1643 τάδ’
697 1599 813 1657 οὐχὶ
852 1597 1049 1657 λόγχης
1084 1598 1301 1653 πεδίον,
1351 1599 1413 1646 οὐ
1452 1598 1561 1645 τάδ’
1592 1605 1648 1649 αῖ

197 1668 333 1714 πάλα
347 1688 363 1713 ι
394 1667 658 1724 Σάρδεις.,
690 1669 1015 1721 quemadmodum
1036 1681 1138 1721 quae
1158 1671 1264 1721 apud
1282 1670 1555 1726 Thucydidem
1579 1670 1648 1716 VI.

199 1746 269 1783 77.
300 1740 488 1792 leguntur
518 1737 591 1781 οὐκ
612 1736 746 1788 ’Ίωνες
768 1735 869 1780 τάδε
894 1736 995 1780 εἰσὶν
1023 1736 1110 1780 οὐδ’
1125 1727 1437 1795 Ἑλλησπόντιοι
1467 1740 1526 1781 nic
1555 1753 1647 1781 mu-

200 1815 285 1850 tata
302 1807 466 1861 protulit
483 1806 677 1848 Aristides
701 1804 761 1849 T.
780 1805 848 1849 111.
880 1819 921 1859 p.
945 1811 1042 1848 651.
1065 1806 1125 1848 ed.
1143 1805 1262 1850 Cant.
1294 1805 1366 1851 οῦκ
1385 1806 1522 1858 Ἴωνες
1543 1811 1648 1853 ταῦ-

198 1877 252 1923 τά
279 1880 396 1921 εἰσιν.
455 1876 623 1917 Thebas
662 1875 784 1927 igitur
823 1876 875 1915 ab
914 1874 1154 1916 excellentia
1190 1875 1362 1917 bellicae
1390 1877 1549 1917 virtutis
1580 1875 1646 1918 vi-

199 1949 271 1989 des
313 1944 561 1998 amplissime
599 1943 779 1995 laudari,
827 1943 977 1984 Sardes
1025 1955 1050 1983 a
1099 1943 1322 1984 divitiarum
1361 1946 1646 1998 magnitudine,

200 2030 301 2071 quas
342 2016 464 2056 urbes
504 2019 719 2072 vetustate·
744 2011 1053 2065 augustissimas
1094 2013 1315 2065 composuit
1344 2012 1513 2054 Nonnus
1543 2012 1646 2055 Dio-

196 2099 288 2140 nys.
318 2083 427 2127 XLI.
458 2096 498 2135 Ρ.
526 2088 659 2133 1056,
692 2088 762 2125 21.
821 2080 876 2122 Et
903 2080 947 2121 in
976 2079 1165 2121 Sardium
1194 2081 1445 2133 antiquarum
1474 2095 1646 2123 comme-

196 2153 416 2195 moratione
445 2151 673 2203 frequeuter
702 2148 852 2191 versati
882 2154 977 2189 sunt
1008 2148 1223 2201 scriptores
1254 2147 1313 2203 (v.
1343 2148 1493 2193 Bianor
1521 2149 1643 2202 Epig.

198 2238 237 2265 v.
267 2229 305 2266 1.
338 2228 377 2264 3.
413 2222 456 2261 ἰιι
485 2220 607 2261 Anth.
638 2218 730 2262 Pal.
760 2218 831 2261 IX.
863 2223 962 2261 423.
1012 2218 1230 2270 Spanhem.
1260 2217 1302 2258 in
1333 2217 1571 2263 Callimach.
1601 2220 1643 2264 h.

197 2292 241 2333 in
261 2289 394 2332 Dian.
425 2294 520 2332 246.
549 2302 591 2341 Ρ.
617 2287 768 2342 298.),
810 2287 913 2340 quod
951 2284 1064 2331 illius
1095 2285 1322 2345 opulentiae
1350 2286 1443 2339 ipsa
1472 2287 1645 2340 vestigia

199 2364 329 2402 aetate
358 2357 578 2412 posteriore
618 2356 892 2399 aboleverunt.
932 2368 970 2400 v.
1002 2354 1244 2396 Laurentius
1283 2354 1387 2409 Lyd.
1419 2356 1467 2397 de
1497 2355 1642 2409 Magg.

197 2430 269 2472 III.
302 2433 371 2474 64.
402 2441 445 2481 Ρ.
470 2432 570 2469 268.
611 2424 768 2468 Tzetza
805 2423 849 2464 in
879 2423 1080 2479 Lycophr.
1115 2429 1215 2467 272.
1272 2423 1558 2478 Bernhardyus
1598 2424 1642 2465 iu

198 2499 365 2555 Dionys.
394 2497 554 2550 Per-iege.
587 2501 684 2539 832.
725 2508 764 2547 Ρ.
798 2493 954 2551 753.¹)
1021 2494 1083 2536 Ab
1123 2494 1200 2537 hoc
1239 2494 1331 2535 inde
1373 2507 1535 2548 campo,
1573 2495 1642 2535 uhi

337 2632 375 2677 1)
399 2634 458 2669 De
485 2629 683 2679 Pelopidis
706 2633 966 2677 exposuerunt
988 2628 1272 2666 VVernsdorfius
1295 2628 1338 2666 in
1361 2629 1507 2666 Himor.
1537 2628 1641 2670 Orat,

199 2688 303 2724 VIII.
329 2689 363 2723 4.
387 2699 424 2734 p.
448 2689 528 2725 546.
550 2699 607 2736 sq.
665 2684 858 2721 Iacobsius
892 2684 934 2719 in
965 2683 1139 2720 Philostr.
1170 2687 1312 2733 Imagg.
1338 2697 1377 2732 p.
1394 2685 1474 2724 588,
1497 2686 1576 2725 595.
1603 2691 1642 2725 et

198 2743 248 2779 de
273 2742 358 2778 aliis
382 2741 539 2778 aliarum
559 2740 790 2779 familiarum
814 2738 992 2789 genitivis
1012 2739 1129 2789 signis
1149 2740 1338 2777 Picoartus
1356 2738 1517 2777 observ.
1542 2740 1637 2778 Hist.

200 2799 309 2835 I‘olir.
352 2798 497 2835 Decad.
531 2802 560 2835 1.
584 2800 620 2835 7.
675 2797 897 2834 Alexander
921 2795 970 2832 ab
994 2796 1218 2832 Alexandro
1244 2798 1340 2833 Gen.
1363 2794 1469 2831 Dier.
1501 2795 1571 2835 lib.
1592 2799 1638 2836 11.

199 2858 255 2892 19.
287 2857 334 2894 T.
349 2857 380 2889 1.
403 2866 441 2901 p.
458 2855 538 2891 455.
590 2854 822 2898 Musgravius
857 2853 896 2888 in
930 2853 1050 2897 Soph.
1082 2853 1217 2888 Electr.
1246 2854 1347 2888 1255.
1401 2852 1446 2886 In
1468 2858 1639 2888 mentem

199 2912 291 2948 mihi
322 2909 738 2958 venit‘Theophrasti,
774 2910 874 2957 apud
910 2921 1020 2954 quem
1059 2908 1176 2945 homo
1217 2906 1436 2944 fastidiosus
1470 2919 1504 2945 c.
1528 2912 1638 2949 xlx.

1811 665 1824 692 U
