1824 3347
882 285 919 336 4

162 401 257 443 lem·
283 401 556 456 interruptus
584 401 704 442 viam
727 398 977 455 planiorem
994 395 1272 456 ostefflebat5
1300 396 1521 452 superatis
1539 409 1623 439 an-

163 473 325 525 gustiis
365 471 427 512 ad
463 473 605 526 ipsum
645 472 805 511 montis
836 469 991 524 pedem
1043 466 1331 509 occurrebant
1359 466 1625 510 Eleutherai?

167 553 430 594 campusque
469 538 573 581 urbi
608 536 841 588 subiectus,
889 535 1064 578 Οσηοέη
1093 534 1281 576 Atticae
1316 548 1485 588 pagum
1520 550 1624 578 con-

164 611 358 661 tingens.
418 608 552 650 Verba
572 613 663 649 sunt
680 604 974 647 Hemsterhusii
1001 604 1043 644 iu
1066 603 1237 645 Lucian.
1269 601 1361 648 Vol.
1382 603 1434 648 11,
1465 619 1506 658 p,
1525 611 1621 650 535,

165 675 253 716 Eas
285 675 426 717 fauces
457 675 612 715 Boeotii
643 673 745 713 Tria
775 672 936 725 Capita,
969 670 1153 723 Quercus
1184 670 1331 723 Capita
1361 673 1624 724 appellabant

164 742 434 784 Athenienses
467 741 678 797 (Philostr.
709 740 865 792 Imagg.
897 738 952 783 11.
995 739 1106 796 19.)‚
1147 738 1189 779 in
1229 738 1373 791 quibus
1406 746 1509 791 quae
1550 754 1623 782 su-

162 817 329 865 persunt
360 823 523 864 operum
550 809 889 860 munitionumque
919 807 1114 860 reliquiae
1145 806 1245 847 viris
1269 806 1395 847 doctis
1422 810 1622 860 praebue-

162 886 256 921 runt
296 879 557 920 dissentiendi
598 876 822 918 materiam.
862 876 945 920 vid.
977 875 1116 918 Odofr.
1147 874 1370 916 Muellerus
1411 875 1451 915 in
1481 875 1620 920 Doctr.

160 949 331 1003 Encycl.
364 948 416 990 Τ.
440 948 510 991 VI.
541 961 582 999 Ρ.
604 953 703 991 215.
737 959 801 999 sq.
859 944 1061 986 Herodoto
1092 952 1288 987 vocantur
1318 944 1390 988 IX.
1423 951 1493 988 38.
1527 946 1621 989 39.ἐ

162 1021 209 1062 αῖ
235 1016 403 1073 ἐκβολαὶ
437 1019 484 1061 αῖ
518 1013 849 1072 Κιθαιρωνίδες,
891 1018 938 1057 αἲ
966 1015 1033 1058 ἐπὶ
1062 1013 1309 1057 Πλαταιέων
1337 1015 1516 1068 φέρουσι·
1545 1012 1621 1065 τοῖς

159 1085 345 1129 ,Βοιωτοὶ
379 1084 455 1140 μὲν
495 1089 617 1141 Τρεῖς
655 1081 854 1137 Κεφαλάς
889 1081 1105 1133 καλέουσι,
1140 1080 1359 1138 Ἀθηναῖοι
1394 1081 1441 1126 δὲ
1480 1080 1618 1144 Δρυὸς

162 1150 376 1207 Κεφαλάς.
435 1153 670 1194 Pausaniae
701 1152 775 1196 IX.
807 1158 875 1204 13,
897 1158 947 1205 ἱ3.
979 1165 1020 1204 Ρ.
1045 1157 1139 1195 4S.:
1169 1151 1195 1210 ἦ
1226 1150 1332 1196 κατὰ
1360 1154 1618 1208 Κιθαιρῶνα

159 1219 331 1276 ἐςβολή,
370 1219 626 1276 Xenophonti
656 1218 703 1263 V.
736 1225 785 1271 4,
828 1225 923 1262 47.=
964 1218 1011 1262 τὸ
1050 1218 1151 1274 ὑπὲρ
1184 1222 1258 1278 τῆς
1295 1218 1403 1263 κατὰ
1430 1217 1505 1263 τὸν
1530 1222 1616 1263 Κι-

160 1293 353 1344 θαιρῶνα
383 1288 483 1332 ὁδοῦ
509 1288 676 1344 diacoma,
717 1288 813 1331 ibid.
846 1293 915 1331 14.
948 1293 1040 1331 59.:
1084 1285 1135 1331 τὸ
1170 1286 1307 1343 ἄκρον.
1339 1294 1378 1329 et
1409 1294 1503 1329 sunt
1531 1288 1617 1330 fere

161 1369 232 1397 eae
276 1357 487 1408 augustiae
527 1344 836 1409 intelligendae,
889 1355 1017 1396 sicubi
1057 1354 1273 1396 Cithaeron
1314 1356 1478 1397 transiri
1516 1356 1618 1397 dici-

161 1430 227 1465 tur
257 1425 533 1480 (Xenophv.
565 1432 606 1478 4,
639 1432 707 1469 36.
741 1431 811 1469 37.
843 1430 912 1468 38.
944 1430 1016 1469 41.
1050 1431 1118 1468 55.
1149 1423 1222 1468 VI.
1253 1429 1293 1477 4,
1327 1430 1367 1468 5.
1386 1430 1457 1469 25.
1513 1424 1617 1467 Plu-

159 1493 290 1535 tarch.
322 1494 369 1533 de
401 1492 503 1537 Gen.
534 1492 650 1537 Socr.
680 1492 810 1536 XXV.
838 1491 929 1535 vol.
952 1492 1007 1536 X.
1037 1506 1080 1546 p.
1108 1492 1243 1549 354.).
1299 1491 1406 1534 Nam
1433 1492 1615 1536 Plataeis

162 1574 237 1613 per
267 1556 450 1612 Quercu's
484 1560 633 1615 Capita
662 1561 908 1602 Eleutheras
937 1560 1139 1614 perveniri
1166 1558 1495 1602 Hemsterhusius
1521 1557 1556 1605 l.
1578 1574 1615 1605 c.

160 1642 253 1669 vere
286 1629 448 1681 collegit
486 1643 539 1670 ex
568 1630 769 1671 Herodoto
809 1635 847 1670 et
878 1629 1112 1683 Thucydide
1153 1628 1249 1683 (111.
1280 1628 1386 1685 24.),
1416 1630 1484 1670 ubi
1513 1629 1615 1671 Pla-

161 1701 371 1750 taeenses‚
405 1697 471 1750 qui
501 1700 672 1740 obsessa
709 1699 806 1738 urbe
838 1698 886 1738 de
916 1702 1031 1738 nocte
1063 1701 1289 1748 eruperunt,
1319 1702 1540 1738 narrantur
1569 1702 1613 1739 ut

158 1763 299 1804 hostes
330 1764 517 1805 fallerent
554 1765 663 1806 viam
705 1758 809 1817 quae
841 1764 1011 1805 Thebas
1042 1762 1198 1804 ferebat
1226 1763 1382 1815 ingredi
1412 1764 1612 1817 simulque

159 1831 294 1874 videre
332 1832 430 1883 τοὺς
463 1832 821 1889 Πελοποννησίους
859 1829 956 1890 τὴν
993 1830 1121 1888 πρὸς
1154 1834 1485 1894 Κιθαιρῶνα
1523 1835 1612 1878 καὶ

159 1898 333 1955 Δρυὸς
355 1899 602 1955 Κεφαλοῖς
631 1898 719 1956 τὴν
741 1899 816 1943 ἐπ’
830 1898 1069 1957 Ἀθηνῶν
1095 1904 1361 1955 φέρουσαν
1383 1900 1484 1953 μετὰ
1502 1900 1610 1956 λαμ-

157 1964 302 2011 πάδων
349 1966 590 2018 διώκοντας.
659 1968 769 2008 Idem
807 1967 911 2008 effici
959 1981 1012 2008 ex
1062 1967 1340 2019 Xenophontis
1389 1968 1499 2020 loco,
1542 1970 1609 2021 qui

156 2041 217 2076 est
246 2036 289 2075 in
319 2035 424 2080 Hist.
459 2037 529 2080 Gr.
562 2034 611 2079 V.
643 2043 690 2089 4,
726 2041 815 2087 14.,
847 2049 921 2077 nos
955 2048 1082 2089 supra
1112 2036 1284 2077 diximus
1315 2038 1608 2091 monstrarique

155 2115 181 2142 a
218 2103 430 2145 Pausania
461 2104 533 2148 IX.
576 2112 625 2158 2,
669 2112 710 2148 2.
750 2104 847 2146 vidit
886 2104 1062 2145 Krnsius
1101 2103 1264 2147 Hellad.
1293 2103 1461 2150 V01.11.
1493 2105 1539 2150 P.
1573 2107 1608 2151 I.

155 2182 194 2221 p.
213 2178 337 2215 9.10.
396 2172 537 2226 Itaque
567 2174 703 2214 nescio
735 2185 788 2213 au
818 2186 890 2225 pro
922 2170 1153 2213 Eleutheris
1173 2172 1374 2227 Erythrae
1398 2176 1606 2226 ponendae

156 2238 236 2279 sint
267 2243 373 2292 apud
403 2242 706 2294 Xenophontem
736 2242 770 2283 l.
799 2252 834 2284 c.
877 2241 984 2284 Καὶ
1013 2239 1105 2298 τὴν
1133 2240 1225 2296 μὲν
1261 2239 1325 2284 δι’
1350 2240 1606 2287 Ἐλευθε-
1644 2269 1649 2273 -

154 2309 257 2358 ρῶν
284 2307 411 2352 ὁδὸν
447 2313 643 2367 Χαβρίας
674 2314 773 2367 ἔχων
794 2308 1038 2366 Ἀθηναίων
1064 2306 1293 2359 πελταστὰς
1315 2307 1602 2366 {epol-attend

152 2374 198 2418 δὲ
228 2375 519 2433 Κλεόμβροτος
560 2378 751 2434 ἀνέβαινε
790 2377 896 2423 κατὰ
932 2377 1008 2437 τὴν
1046 2380 1089 2428 ἐς
1125 2377 1347 2431 Πλαταιὰς
1383 2381 1604 2436 φέρουσαν.

150 2443 383 2501 Προϊόντες
409 2446 456 2490 δὲ
487 2450 527 2489 οἱ
556 2446 781 2491 πελτασταὶ
817 2444 1174 2507 περιτυγχάνουσιν
1199 2448 1266 2491 ἐπὶ
1296 2451 1356 2505 τῷ
1384 2447 1494 2504 ἄκρῳ
1523 2466 1603 2502 φυ-

150 2510 347 2556 λάττουσι
377 2522 461 2564 τοῖς
484 2517 529 2558 ἐκ
557 2516 635 2557 τοῦ
659 2513 884 2567 ἀναγκαίου
916 2513 1164 2569 λελυμένοις.
1198 2537 1255 2545 -
1315 2519 1404 2560 Καί
1433 2514 1602 2566 τούτους

149 2581 223 2633 μὲν
252 2576 439 2633 ἅπαντας
462 2586 496 2626 εἰ
525 2582 582 2642 μή
613 2601 674 2633 τις
703 2586 888 2639 ἐξέφυγεν
914 2587 956 2627 οῖ
985 2583 1212 2627 πελτασταὶ
1238 2582 1496 2630 ἀπέκτειναν·
1524 2583 1601 2628 αὗ-

150 2646 217 2698 τός
253 2648 298 2692 δὲ
329 2642 544 2709 κατέβαινε
584 2651 685 2708 πρὸς
709 2651 782 2701 τὰς
809 2650 1030 2701 Πλαταιὰς
1057 2654 1117 2695 ἔτι
1142 2651 1282 2706 φιλίας
1309 2651 1452 2702 οὔσας.
1512 2652 1600 2707 Op·-

148 2717 246 2758 tavit
275 2718 351 2759 hoc
382 2721 476 2761 olim
495 2721 727 2763 Dodwellus
758 2721 801 2761 in
831 2719 971 2764 Anall.
993 2720 1176 2772 Xenoph.
1208 2722 1260 2761 ad
1281 2720 1442 2775 Olymp.
1475 2720 1522 2766 C.
1540 2728 1598 2776 3.,

144 2787 343 2827 adversus
374 2801 488 2840 quem
517 2803 656 2830 vereor
685 2803 735 2830 ne
766 2788 877 2829 irrito
909 2788 1113 2829 conamine
1143 2787 1408 2829 insurrexerit
1426 2787 1597 2832 Schnei-

143 2856 262 2896 derus
294 2870 335 2909 p.
363 2863 461 2901 367.
519 2858 712 2900 Nimirum
741 2859 941 2913 Erythras
971 2860 1022 2899 ab
1051 2857 1367 2901 Atheniensibus
1399 2860 1593 2914 obsessas

140 2936 447 2968 commemorare
467 2925 533 2967 hic
562 2926 675 2967 unice
705 2928 949 2969 commodum
979 2931 1066 2967 erat
1090 2931 1313 2980 propterea,
1345 2928 1448 2979 quod
1466 2927 1597 2970 Eleu-
