1824 3347
914 306 980 356 19

210 425 389 467 Pansan.
418 419 489 466 lx.
522 427 598 475 16,
637 425 678 466 4.
708 433 748 474 Ρ.
771 425 838 475 59.
869 418 1037 460 Diodor.
1056 416 1125 461 IV.
1164 432 1202 472 p.
1225 421 1375 465 162.B.
1410 420 1525 477 Bayl.
1551 420 1658 464 Dict.

211 491 307 535 hist.
348 496 387 530 et
416 490 500 532 crit.
529 504 569 543 Ρ.
592 495 688 534 147.
744 489 851 531 Hinc
880 489 987 541 apud
1017 488 1240 528 Thebanos
1268 489 1419 530 nullum
1450 491 1564 545 (nam
1592 506 1659 532 er-

211 571 303 599 rore
341 559 501 612 egregio
540 559 695 600 ducitur
718 557 936 601 Dissenius
968 555 1118 597 Comm.
1147 555 1189 595 in
1217 555 1379 596 Pindar.
1411 557 1656 612 Olymp,1X,

213 633 281 670 96.
315 639 353 679 Ρ.
381 627 499 683 121.)
528 627 745 668 Alcmenae
776 624 1023 678 sepulcrum3
1065 624 1167 676 quod
1198 635 1223 663 a
1252 622 1459 664 Pausania
1485 639 1530 665 eo
1562 626 1652 668 loco

162 744 167 749 .
214 694 429 748 affirmari,
459 709 534 749 quo
567 696 614 736 de
638 693 892 735 Proetidibus
922 699 960 734 et
993 694 1039 733 de
1070 690 1255 732 Semelae
1285 700 1534 733 monumento
1564 709 1657 736 ver..

214 764 266 805 ba
299 762 418 816 fiunt,
458 764 494 804 si
540 762 630 816 quis
666 760 897 813 mirabitur,
942 760 977 802 is
1013 765 1188 813 reputet,
1232 758 1388 800 Thebis
1416 767 1534 801 natos
1563 776 1656 806 esse

213 832 424 874 Herculem
452 832 728 885 Bacchumque
760 844 909 884 eosque
939 830 1109 883 primum
1143 827 1350 880 homines,
1389 828 1530 871 deinde
1567 833 1660 875 deos

210 901 254 943 in
284 902 534 943 nobilitanda
558 901 691 955 patria
718 900 776 941 ita
804 899 1070 950 contendisse,
1100 904 1142 939 ut
1171 897 1336 939 alterins
1358 898 1548 940 mentioni
1567 914 1661 953 pro-

211 983 262 1023 pe
301 983 515 1023 numquam
561 968 784 1011 recordatio
822 969 988 1010 alterius
1025 981 1106 1009 non
1141 967 1246 1008 ultro
1278 969 1515 1009 succederet.
1573 970 1662 1013 Ha-

211 1038 337 1080 liartii
365 1046 495 1080 tamen
523 1038 739 1081 Alcmenae
763 1035 1072 1079 Rhadamantho
1103 1042 1196 1088 post
1224 1035 1525 1090 Amphitryonis
1553 1052 1662 1080 mor-

212 1111 289 1147 tem
319 1113 465 1159 nuptae
495 1113 533 1147 et
563 1106 607 1147 in
640 1105 787 1158 oppido
828 1104 980 1145 Ocalea
1007 1103 1067 1158 (v.
1094 1103 1222 1157 Heyn.
1252 1108 1349 1143 nott·
1387 1105 1439 1144 ad
1468 1104 1659 1158 Apollod.

214 1173 267 1218 Π.
298 1180 338 1226 4,
371 1181 439 1216 11.
478 1188 517 1227 Ρ.
539 1180 634 1218 335.
655 1187 716 1226 sq.
783 1174 915 1215 Sturz.
946 1173 988 1213 in
1017 1172 1235 1225 Pherecyd.
1267 1185 1306 1224 p.
1334 1178 1427 1216 185.
1452 1186 1513 1226 sq.
1543 1175 1661 1217 Wel-

214 1240 544 1293 ckenflecret.
586 1243 716 1284 colon.
758 1242 888 1286 Theb.
929 1243 1083 1282 deduct.
1124 1255 1162 1294 Ρ.
1190 1247 1257 1283 43.
1295 1247 1376 1285 not.
1408 1245 1525 1298 100.)
1570 1245 1656 1286 fato

212 1310 442 1363 perfunctae
470 1310 661 1351 tumulum
686 1311 975 1361 monstrabant,
1007 1322 1120 1362 quem
1151 1315 1364 1361 postquam
1391 1311 1442 1351 ab
1464 1312 1660 1364 Agesilao

213 1376 331 1419 effodi
358 1378 472 1430 passi
501 1384 638 1437 essen-t
666 1377 798 1419 subita
835 1377 992 1430 frugum
1020 1376 1233 1418 sterilitate
1263 1378 1659 1432 paludisqueexun-

214 1444 375 1486 datione
422 1445 558 1486 vexati
597 1451 702 1489 sunt.
778 1446 930 1486 Auctor
977 1451 1041 1485 est
1079 1445 1323 1485 Plutarchus
1361 1447 1432 1490 vit.
1477 1448 1658 1503 Lysand.

213 1513 399 1557 XXVIII.
416 1514 504 1558 Vol.
528 1513 597 1558 111.
615 1527 653 1566 Ρ.
678 1519 773 1555 170.
802 1514 849 1553 de
869 1513 971 1556 Gen.
993 1512 1107 1555 Socr.
1140 1526 1172 1555 c.
1193 1511 1280 1553 Vll.
1310 1512 1402 1558 Vol.
1420 1515 1472 1560 X.
1500 1530 1538 1569 p.
1561 1524 1658 1565 308,

211 1584 260 1628 V,
293 1597 331 1636 p.
355 1590 472 1635 306„
514 1597 628 1636 quem
665 1582 794 1622 locum
831 1582 1092 1622 sanissimum
1122 1581 1348 1623 coniectura
1378 1590 1508 1625 tamen
1539 1587 1658 1629 solli-

213 1652 350 1694 citavit
389 1651 528 1694 Odofr.
561 1650 785 1692 Muellerus
825 1649 1009 1693 Orchom.
1039 1662 1079 1702 Ρ.
1101 1656 1169 1692 68.
1209 1655 1291 1692 not.
1312 1655 1350 1694 3.
1419 1650 1656 1696 Vertendum

212 1727 343 1761 autem
368 1733 457 1760 eum
485 1726 580 1772 puto
608 1719 651 1758 iu
678 1720 838 1759 modum
867 1719 995 1758 hunc:
1033 1716 1269 1758 Credebant
1301 1717 1379 1759 Ιιοο
1415 1723 1512 1761 irae
1538 1722 1654 1764 diei-

210 1802 296 1829 nae
320 1833 324 1837 .
351 1790 472 1828 circa
525 1786 766 1840 sepulcrum
812 1788 986 1838 siguum
1036 1788 1148 1840 ipsos
1193 1787 1526 1841 circumvenire,
1576 1793 1656 1845 qui

205 1858 332 1911 passi
371 1863 509 1896 essent
546 1855 594 1895 id
632 1853 779 1909 effodi.
838 1854 1002 1895 Existet
1037 1853 1212 1895 fortasse
1252 1856 1316 1907 qui
1345 1856 1450 1897 Astii
1477 1857 1656 1914 iis-Plan

210 1927 314 1979 Rep.
355 1939 396 1978 Ρ.
418 1931 516 1969 625.
560 1930 597 1964 et
635 1922 794 1964 Baehrii
835 1923 878 1963 in
916 1922 1123 1965 Plutarch.
1162 1923 1231 1965 vit.
1268 1923 1449 1970 Flamin.
1488 1940 1523 1969 c.
1548 1927 1656 1973 xxi,

209 2011 251 2050 p.
274 2002 370 2039 129.
411 1994 638 2035 auctoritati
685 2001 836 2034 tantum
874 1993 1044 2045 tribuat,
1099 1999 1142 2033 ut
1180 1992 1365 2046 amplecti
1401 1995 1516 2037 malit
1551 1997 1655 2038 hano

211 2062 413 2105 enunciati
446 2061 637 2114 speciem:
681 2062 919 2114 περιελθεῖν
947 2057 1246 2119 ἀνασχομένους
1286 2060 1655 2119 ὀρυττομένου.

211 2132 395 2185 Megaris
427 2144 580 2184 quoque
606 2155 664 2163 —
693 2136 806 2171 tauta
832 2130 873 2169 in
896 2130 1017 2170 rebus
1050 2130 1180 2170 sacris
1212 2128 1356 2171 Graeci
1386 2130 1489 2172 inter
1519 2146 1563 2173 se
1594 2133 1658 2173 di-

213 2202 465 2243 stinebantur
493 2200 776 2241 obtrectatione
809 2199 1007 2252 (Pausan.
1028 2198 1101 2241 IX.
1136 2205 1202 2251 16,
1234 2205 1274 2242 4.
1306 2213 1344 2252 Ρ.
1366 2200 1455 2258 59.)
1475 2223 1530 2234 -ν
1559 2216 1655 2261 prof-

210 2285 260 2325 pe
300 2273 438 2311 aedem
487 2269 594 2310 Iovis
633 2269 809 2324 Olympii
856 2276 1152 2309 monumentum
1188 2269 1395 2310 visebatur
1429 2271 1659 2325 Alcmenae,

214 2351 334 2392 qnam
362 2337 484 2390 Argis
516 2337 682 2379 Thebas
724 2336 1040 2389 proficiscentem
1077 2337 1119 2377 in
1159 2327 1246 2378 suis
1285 2336 1435 2382 finibus
1465 2334 1660 2382 mortuam

211 2412 250 2449 et
287 2406 330 2448 in
368 2407 464 2446 urbe
494 2405 697 2458 Apollinis
722 2412 933 2458 praecepto
966 2406 1166 2447 conditam
1196 2407 1462 2461 Megarenses
1496 2411 1658 2452 dictita-

208 2482 297 2519 rent
315 2473 559 2530 (Pansaml.
578 2480 649 2526 41,
682 2481 720 2516 1.
744 2487 783 2526 Ρ.
802 2473 934 2530 178.).
965 2475 1119 2516 Thebis
1149 2490 1243 2517 vero
1275 2477 1317 2516 in
1348 2478 1536 2519 suburbio
1556 2478 1657 2522 Ele÷

212 2543 308 2587 ctris
348 2542 430 2584 alia
470 2541 636 2595 insuper
675 2541 890 2585 extiterunt
928 2543 1115 2586 Herculis
1163 2544 1374 2598 indigenae
1409 2547 1658 2593 documenta.

211 2615 330 2659 Velut
361 2612 548 2666 sepulcra
577 2612 724 2653 ibidem
755 2612 916 2662 fuerunt
955 2614 1192 2667 liberorum,
1234 2629 1333 2667 quos
1365 2615 1400 2656 is
1432 2630 1454 2657 e
1484 2617 1658 2671 Megara

214 2683 398 2727 Creontis
419 2681 505 2724 filia
529 2689 759 2735 susceperat
778 2683 980 2738 (Pausan.
1000 2683 1071 2729 lx.
1095 2692 1160 2736 11,
1182 2692 1218 2726 1.
1235 2697 1274 2736 Ρ.
1299 2690 1367 2727 38.
1386 2698 1448 2738 sq.
1469 2686 1503 2732 l.
1525 2694 1595 2742 41,
1620 2697 1657 2733 1,

212 2767 253 2807 p.
268 2753 397 2804 178.).
419 2751 629 2792 Praetereo
652 2763 778 2803 grave
792 2754 839 2793 de
857 2753 998 2794 horum
1010 2765 1170 2792 numero
1184 2766 1230 2793 ac
1246 2753 1474 2797 nominibus
1487 2759 1659 2811 scripto-

212 2831 301 2866 rum
321 2818 547 2870 dissidium,
567 2829 649 2859 non
667 2820 771 2872 quod
788 2820 956 2862 nullam
975 2833 1124 2862 curam
1141 2829 1393 2864 mereantur
1411 2822 1494 2866 Ιιαε
1514 2829 1657 2868 incer-

212 2889 408 2930 tissimas·
435 2883 637 2944 fabulae,
682 2898 784 2939 quae
812 2887 968 2930 Barthii
996 2887 1194 2930 sententia
1222 2894 1286 2930 est
1316 2891 1369 2932 ad
1397 2892 1501 2936 Stat.
1526 2893 1658 2940 Theb.

1315 2958 1343 3000 2
1360 2958 1385 2984 ε
