1824 3347
896 241 966 292 40

201 360 292 392 cnm
330 349 544 394 Pausania
568 324 824 396 ‘sentenfiam
865 353 1021 396 videtur
1064 355 1282 408 concedere
1318 352 1497 407 Statius,
1543 352 1653 406 apud

199 430 319 473 quem
346 417 554 462 Eteoclea
579 424 764 464 mittunt
791 422 976 466 Neistae
1003 421 1281 480 (Vfl1.354.);
1313 423 1436 468 aliter.
1459 428 1522 464 est
1544 423 1651 475 apud

198 488 446 544 Aeschylum
482 489 600 544 Sept.
627 498 725 536 628.
760 497 799 533 et
823 491 1064 546 ,Euripidem
1087 492 1242 537 Phoen.
1274 497 1424 545 1123„
1455 492 1525 545 qui
1550 493 1657 535 Ete-
1724 498 1747 511 ’Χ

198 556 327 599 oclem
360 556 517 599 faciunt
564 564 720 612 portas-
739 557 945 601 Crenaeas
984 565 1170 603 tuentem.
1247 558 1383 611 Quare
1424 557 1651 600 Schoenius

197 640 242 680 p.
264 631 385 680 159„
416 627 487 681 qni
516 630 568 670 ab
586 626 784 681 Euripide
811 634 851 670 et
878 627 1080 685 Aeschylo
1115 628 1250 671 omnia
1275 642 1298 671 e
1324 640 1456 670 rerum
1483 627 1651 670 veritate

194 696 372 750 proponi
401 697 596 750 sumpsit,
629 710 682 738 ne
716 697 768 738 ab
798 696 885 739 illis
914 699 1070 752 aliquid
1097 698 1192 740 novi
1229 699 1274 740 in
1303 695 1505 739 constanti
1532 696 1650 739 The-

195 768 396 807 banorum
432 765 545 807 fama
580 771 730 807 motum
769 779 860 808 esse
890 774 1099 821 cogeretur
1127 767 1271 820 fateri,
1308 764 1533 808 rationibus
1560 764 1662 816 qui-¹

196 837 368 877 busdam
404 835 456 874 ab
492 833 677 886 Reisig-io
713 832 827 875 initis
866 847 969 877 usus
1003 835 1069 877 ius
1096 841 1305 890 poetarum
1343 832 1598 886 tragicorum·
1614 837 1653 874 et

196 900 429 944 Pausaniae
473 900 532 943 ita
570 899 777 954 aequavit,
815 908 861 943 ut
899 915 1105 956 campum,
1143 903 1188 945 in
1226 915 1305 956 quo
1339 897 1653 952 fratresperie-
1722 897 1724 900 ’

197 971 299 1023 rint,
343 969 517 1011 medium
535 970 664 1023 portis
686 969 879 1014 Crenaeis
909 978 949 1014 et
974 972 1131 1015 Neistis
1158 970 1440 1014 interiacuisse
1468 982 1651 1022 pronun-

198 1037 336 1079 ciaret.
377 1036 466 1087 Quo
497 1036 659 1078 invento
686 1050 769 1077 non
797 1044 858 1079 est
884 1040 990 1091 quod
1020 1039 1100 1080 sibi
1128 1039 1200 1079 ille
1228 1037 1402 1090 placeat.
1459 1035 1527 1078 Ait
1546 1035 1653 1076 enim

195 1103 417 1156 Euripides
446 1117 486 1146 v.
510 1111 636 1148 1570.
654 1112 715 1157 sq.
742 1104 869 1162 (conf.
880 1105 1115 1149 Markland.
1127 1106 1170 1147 iu
1181 1105 1325 1159 Suppl.
1353 1110 1453 1149 401.
1479 1102 1652 1158 p.102.)

195 1172 432 1226 Polynicem
468 1172 623 1214 omissa
659 1173 931 1214 Crenaearum
979 1174 1278 1227 expugnatione
1313 1186 1404 1214 cum
1442 1172 1568 1214 fratre
1605 1171 1651 1212 in

198 1241 405 1294 singulare
436 1247 638 1283 certamen
671 1242 924 1289 descendisse
954 1248 1047 1284 ante
1071 1250 1210 1297 portas
1229 1243 1442 1284 Electras:
1478 1235 1588 1298 Εὗρε
1611 1235 1650 1285 δ’

196 1313 242 1353 ἐν
266 1307 610 1364 Ἠλέκτραισι
645 1308 848 1360 πύλαις
883 1314 1008 1355 τέκνα
1033 1307 1313 1365 Λωτοτρόφον
1342 1308 1450 1353 κατὰ
1476 1308 1652 1363 λείμακα

192 1375 365 1438 λόγχαις
403 1375 562 1422 Κοινὸν
599 1375 786 1423 ἐνυάλιον
815 1376 989 1436 Μάτηρ.
1056 1378 1110 1423 At
1138 1379 1322 1422 ¹fortasse
1360 1378 1449 1420 leve
1485 1378 1527 1420 id
1564 1382 1654 1427 esu

197 1448 453 1487 decertarunt
490 1451 583 1486 ante
617 1445 825 1488 Crenaeas
863 1446 1018 1487 medias
1054 1446 1159 1487 inter
1186 1447 1373 1487 Electras
1401 1451 1441 1486 et
1468 1445 1649 1486 Neistas.

195 1513 313 1565 Ergo
354 1512 393 1552 is
430 1512 520 1563 ipse
558 1512 752 1553 memoria
786 1512 919 1554 falsus
959 1519 1046 1566 est,
1084 1513 1153 1566 qui
1187 1513 1279 1555 falli
1317 1518 1499 1566 negatur.
1568 1512 1652 1553 Sed

197 1579 411 1621 conficient
439 1580 776 1623 Schoenium.vel
807 1594 876 1633 ea,
917 1594 1019 1634 quae
1047 1581 1158 1623 infra
1186 1581 1450 1635 proferentur.
1510 1578 1652 1621 Omnis

195 1646 301 1689 haec
347 1644 458 1699 regio
497 1645 653 1687 Nei‘stis
702 1654 915 1700 praetenta
963 1650 1182 1690 vocabatur
1221 1645 1371 1703 Σύρμα
1404 1643 1651 1704 Ἀντιγόνης,

198 1716 407 1770 quoniam
437 1729 569 1770 quum
597 1713 828 1772 Polynicis
855 1716 1046 1760 cadaver
1075 1716 1230 1758 tollere
1258 1740 1316 1748 —
1354 1715 1556 1757 sublatum
1576 1720 1649 1757 „ta-

198 1798 293 1826 men
322 1783 463 1825 scribit
490 1784 766 1826 Philostratus
796 1783 1025 1837 lmagg.11.
1058 1790 1126 1828 29.
1163 1806 1221 1817 --
1258 1786 1495 1837 nequisset,
1538 1781 1652 1824 illud

196 1861 471 1910 protractum
511 1855 561 1894 in
599 1854 824 1895 ardentem
861 1846 1052 1896 Eteoclis
1083 1854 1268 1897 coniecit
1307 1865 1498 1909 pyram,
1545 1863 1648 1904 quae

199 1925 328 1965 verba
356 1928 450 1963 sunt
476 1921 606 1963 Caelii
630 1922 855 1975 Rhodigini
875 1923 1008 1966 Lectt.
1025 1922 1161 1974 Antiq.
1177 1920 1289 1963 XXI.
1318 1927 1387 1964 21.
1408 1934 1450 1973 Ρ.
1465 1926 1591 1963 1179.
1600 1919 1651 1962 Β.

197 1990 411 2034 Pausania
440 1988 495 2046 (c.
514 1996 583 2042 25,
610 1997 651 2034 2.
680 2005 722 2045 p.
744 1989 838 2046 87.)
876 1992 975 2033 duce
1013 1991 1166 2044 aliquot
1203 1995 1545 2031 monumentorum
1577 1989 1650 2030 de-

199 2060 457 2113 scriptionem
485 2073 532 2100 eo
560 2059 923 2113 locopersequuti.
989 2059 1146 2102 Statius
1176 2059 1366 2115 denique,
1405 2057 1472 2112 qui
1504 2057 1550 2098 in
1585 2057 1651 2102 Is,-

201 2127 310 2170 meni
339 2126 489 2175 vicinia
525 2126 566 2169 id
606 2127 793 2170 evenisse
821 2126 960 2180 fiuxit,
997 2121 1124 2170 voluit
1163 2133 1297 2169 tamen
1324 2126 1432 2168 hunc
1468 2138 1652 2179 campum

201 2210 276 2250 pro
316 2201 551 2237 consecrato
587 2196 755 2248 haberi,
795 2196 832 2238 si
860 2196 1051 2238 Barthius
1081 2196 1134 2239 T.
1152 2195 1222 2239 111.
1247 2209 1285 2249 p,
1308 2201 1432 2240 1496.
1455 2208 1515 2248 sq.
1543 2202 1650 2239 recte

204 2265 344 2307 statuit
368 2265 474 2306 hanc
501 2264 630 2307 fuisse
660 2265 871 2319 antiquam
897 2279 1040 2307 versus
1065 2266 1316 2319 4472'Pheb.
1346 2265 1417 2308 lib.
1447 2264 1538 2309 XII.
1562 2263 1649 2305 for-

203 2348 333 2376 mam:
371 2332 482 2385 „Vix
509 2345 579 2385 ea,
619 2347 740 2386 quum.
774 2334 930 2376 subitus
968 2346 1133 2387 campos
1167 2339 1313 2375 tremor
1341 2332 1503 2386 altaque
1539 2338 1649 2372 tes.-

204 2415 301 2456 qua
329 2399 539 2454 Impulit.“
594 2400 655 2442 De
686 2413 766 2454 qua
793 2400 996 2454 scriptura
1023 2399 1191 2442 liberum
1220 2398 1434 2452 unicuique
1460 2397 1650 2440 iudicium

204 2479 305 2515 esto.
362 2472 580 2516 heodem
607 2476 737 2513 tractu
764 2472 1223 2522 locusssmon‘strabatun
1251 2469 1296 2510 in
1325 2483 1402 2522 quo
1431 2469 1529 2511 Iuno
1555 2467 1647 2509 dolo

204 2540 311 2582 lovis
339 2540 509 2592 decepta
545 2537 693 2582 infanti
720 2537 885 2580 Herculi
912 2551 1126 2580 mammam
1153 2537 1390 2592 praebuisse
1418 2537 1649 2581 tradebatur

207 2605 405 2663 (Pausan.
434 2606 466 2651 l.
495 2605 569 2663 c.).
628 2606 755 2648 Sccus
792 2606 994 2648 Diodorus
1025 2605 1116 2661 (ΝἸ
1140 2619 1181 2659 p.
1199 2606 1458 2660 217.A.B.)‚
1495 2596 1563 2657 qui
1597 2604 1648 2643 ab

211 2676 404 2720 Alcmena
428 2675 593 2716 Iunonis
622 2674 816 2717 invidiam
846 2674 975 2717 verita
999 2680 1138 2717 narrat
1168 2687 1333 2728 puerum
1351 2673 1396 2715 in
1424 2686 1470 2714 eo
1495 2684 1649 2724 campo,

212 2747 279 2800 qui
313 2745 452 2791 πεδίον
482 2745 730 2802 Ἡράκλειον
767 2747 1062 2801 appellaretur,
1101 2747 1348 2800 expositum,
1390 2746 1460 2786 sed
1495 2745 1652 2785 Miner-

214 2829 330 2868 vam,
369 2826 491 2868 quum
520 2815 621 2857 forte
650 2830 697 2857 co
728 2815 968 2867 devenisset,
997 2814 1168 2856 infantis
1198 2812 1456 2855 admiratione
1496 2816 1654 2863 captam

215 2883 359 2930 lunoni
386 2889 587 2926 auctorem
615 2884 758 2938 fuisse,
787 2891 830 2926 ut
853 2885 891 2926 ei
920 2898 1010 2927 cum
1038 2884 1141 2926 lacte
1166 2883 1289 2927 vitam
1312 2883 1505 2925 redderet.
1561 2879 1656 2922 Ple-
